Automatically generated by Mendeley Desktop 1.14
Any changes to this file will be lost if it is regenerated by Mendeley.

BibTeX export options can be customized via Options -> BibTeX in Mendeley Desktop

@article{Wagner1933,
author = {Wagner, C.},
journal = {Zeitschrift f\"{u}r Physikalische Chemie},
pages = {25},
title = {{Beitrag zur Theorie des Anlaufvorgangs}},
volume = {B21},
year = {1933}
}
@article{Butler1977,
author = {Butler, M.},
doi = {10.1063/1.323948},
file = {:C$\backslash$:/Users/Milan Skocic/Documents/Mendeley Desktop/Butler - 1977 - Photoelectrolysis and physical properties of the semiconducting electrode WO3.pdf:pdf},
isbn = {00218979},
issn = {00218979},
journal = {Journal of Applied Physics},
keywords = {Photoelectrochemistry},
mendeley-tags = {Photoelectrochemistry},
number = {5},
pages = {1914},
title = {{Photoelectrolysis and physical properties of the semiconducting electrode WO3}},
url = {http://scitation.aip.org/content/aip/journal/jap/48/5/10.1063/1.323948},
volume = {48},
year = {1977}
}
@article{Eloff1991,
author = {Eloff, G A and Greyling, C J and Viljoen, P E},
file = {:C$\backslash$:/Users/Milan Skocic/Documents/Mendeley Desktop/Eloff, Greyling, Viljoen - 1991 - The role of space charge in the oxidation of Zircaloy-4 between 350 and 450°C in air.pdf:pdf},
journal = {Journal of Nuclear Materials},
keywords = {Iph,PEC},
mendeley-tags = {Iph,PEC},
number = {3},
pages = {285--288},
title = {{The role of space charge in the oxidation of Zircaloy-4 between 350 and 450°C in air}},
url = {http://www.sciencedirect.com/science/article/pii/002231159390149S C:$\backslash$Users$\backslash$Milan Skocic$\backslash$Documents$\backslash$Areva\_thesis$\backslash$1-Bibliography$\backslash$1-Classified$\backslash$Eloff\_1991-The role of space charge in the oxidation of Zy4 between 350C and 450C in air.pdf},
volume = {199},
year = {1991}
}
@article{Petrik2001,
author = {Petrik, N G and Alexandrov, a B and Vall, a I},
doi = {10.1021/jp004440o},
file = {:C$\backslash$:/Users/Milan Skocic/Documents/Mendeley Desktop/Petrik, Alexandrov, Vall - 2001 - Interfacial Energy Transfer during Gamma Radiolysis of Water on the Surface of ZrO2 and Some Other Oxi.pdf:pdf},
isbn = {1520-6106},
issn = {1520-6106},
journal = {The Journal of Physical Chemistry B},
keywords = {Photocatalytic Water Decomposition,Photoelectrochemistry,Zirconia Properties},
mendeley-tags = {Photocatalytic Water Decomposition,Photoelectrochemistry,Zirconia Properties},
month = jun,
number = {25},
pages = {5935--5944},
title = {{Interfacial Energy Transfer during Gamma Radiolysis of Water on the Surface of ZrO2 and Some Other Oxides}},
url = {http://pubs.acs.org/doi/abs/10.1021/jp004440o},
volume = {105},
year = {2001}
}
@book{Nocedal2006,
author = {Nocedal, Jorge and Wright, Stephen J.},
edition = {2},
keywords = {Minimization,Numerical Analysis},
mendeley-tags = {Minimization,Numerical Analysis},
pages = {2006},
publisher = {Springer},
title = {{Numerical Optimization}},
year = {664}
}
@phdthesis{Auclair2001,
author = {Auclair, G},
file = {:C$\backslash$:/Users/Milan Skocic/Documents/Mendeley Desktop/Auclair - 2001 - D\'{e}termination des rendements radiolytiques primaires alpha en milieu alcalin.pdf:pdf},
keywords = {Thesis,Water Chemistry,milieu alcalin,rendement radiolytique},
mendeley-tags = {Thesis,Water Chemistry},
school = {Universit\'{e} PARIS 6},
title = {{D\'{e}termination des rendements radiolytiques primaires alpha en milieu alcalin}},
url = {C:$\backslash$Users$\backslash$Milan Skocic$\backslash$Documents$\backslash$Areva\_thesis$\backslash$1-Bibliography$\backslash$1-Classified$\backslash$Auclair\_2001\_Determination des rendements radiolytiques primaires alpha en milieu alcalin.pdf},
year = {2001}
}
@article{Smeltzer1961,
author = {Smeltzer, W.W and Haering, R.R and Kirkaldy, J.S},
doi = {10.1016/0001-6160(61)90192-4},
file = {:C$\backslash$:/Users/Milan Skocic/Documents/Mendeley Desktop/Smeltzer, Haering, Kirkaldy - 1961 - Oxidation of metals by short circuit and lattice diffusion of oxygen.pdf:pdf},
issn = {00016160},
journal = {Acta Metallurgica},
keywords = {Corrosion,Zr Alloys},
mendeley-tags = {Corrosion,Zr Alloys},
month = sep,
number = {9},
pages = {880--885},
title = {{Oxidation of metals by short circuit and lattice diffusion of oxygen}},
url = {http://www.sciencedirect.com/science/article/pii/0001616061901924 http://linkinghub.elsevier.com/retrieve/pii/0001616061901924},
volume = {9},
year = {1961}
}
@article{Cox1968b,
author = {Cox, B.},
doi = {10.1016/0022-3115(68)90055-X},
file = {:C$\backslash$:/Users/Milan Skocic/Documents/Mendeley Desktop/Cox - 1968 - Effects of irradiation on the oxidation of zirconium alloys in high temperature aqueous environments.pdf:pdf},
issn = {00223115},
journal = {Journal of Nuclear Materials},
keywords = {Corrosion,Irradiation,Zr Alloys},
mendeley-tags = {Corrosion,Irradiation,Zr Alloys},
month = oct,
number = {1},
pages = {1--47},
title = {{Effects of irradiation on the oxidation of zirconium alloys in high temperature aqueous environments}},
url = {http://www.sciencedirect.com/science/article/pii/002231156890055X},
volume = {28},
year = {1968}
}
@article{Zhao2002,
author = {Zhao, X and Vanderbilt, D},
file = {:C$\backslash$:/Users/Milan Skocic/Documents/Mendeley Desktop/Zhao, Vanderbilt - 2002 - Phonons and lattice dielectric properties of zirconia.pdf:pdf},
journal = {Physical Review B},
keywords = {1st Year Report,Zirconia Properties},
mendeley-tags = {1st Year Report,Zirconia Properties},
month = jan,
number = {7},
pages = {75105},
title = {{Phonons and lattice dielectric properties of zirconia}},
url = {http://dx.doi.org/10.1103/PhysRevB.65.075105 C:$\backslash$Users$\backslash$Milan Skocic$\backslash$Documents$\backslash$Areva\_thesis$\backslash$1-Bibliography$\backslash$1-Classified$\backslash$Zhao\_2002-Phonons and lattice dielectric properties of zirconia.pdf},
volume = {65},
year = {2002}
}
@techreport{IAEA1997,
file = {:C$\backslash$:/Users/Milan Skocic/Documents/Mendeley Desktop/Unknown - 1997 - Influence of water chemistry on fuel cladding behaviour.pdf:pdf},
institution = {IAEA},
keywords = {Corrosion,IAEA,Zr Alloys},
mendeley-tags = {Corrosion,IAEA,Zr Alloys},
title = {{Influence of water chemistry on fuel cladding behaviour}},
year = {1997}
}
@book{Press2007,
address = {Cambridge},
author = {Press, William H. and Teukolsky, Saul A. and Vetterling, William T. and Flannery, Brian P.},
edition = {3},
keywords = {Minimization,Numerical Analysis},
mendeley-tags = {Minimization,Numerical Analysis},
pages = {1256},
publisher = {Cambridge University Press},
title = {{Numerical Recipes: The Art of Scientific Computing}},
year = {2007}
}
@article{LatusRomain,
author = {Latu-Romain, L. and Madi, Y. and Mathieu, S. and Robaut, F. and Petit, J.-P. and Wouters, Y.},
doi = {10.1016/j.corsci.2015.09.021},
file = {:C$\backslash$:/Users/Milan Skocic/Documents/Mendeley Desktop/Latu-Romain et al. - 2015 - Advanced STEMEDX investigation on an oxide scale thermally grown on a high-chromium iron-nickel alloy under.pdf:pdf},
issn = {0010938X},
journal = {Corrosion Science},
month = sep,
title = {{Advanced STEM/EDX investigation on an oxide scale thermally grown on a high-chromium iron-nickel alloy under very low oxygen partial pressure}},
url = {http://linkinghub.elsevier.com/retrieve/pii/S0010938X15300950},
year = {2015}
}
@article{Gerischer1966,
author = {Gerischer, H},
file = {:C$\backslash$:/Users/Milan Skocic/Documents/Mendeley Desktop/Gerischer - 1966 - Electrochemical Behavior of Semiconductors under Illumination.pdf:pdf},
journal = {Journal of The Electrochemical Society},
keywords = {Iph,PEC},
mendeley-tags = {Iph,PEC},
number = {11},
pages = {1174--1182},
title = {{Electrochemical Behavior of Semiconductors under Illumination}},
url = {http://jes.ecsdl.org/content/113/11/1174.abstract C:$\backslash$Users$\backslash$Milan Skocic$\backslash$Documents$\backslash$Areva\_thesis$\backslash$1-Bibliography$\backslash$1-Classified$\backslash$Gerisher\_1966\_Electrochemical Behavior of Semiconductors under Illumination.pdf},
volume = {113},
year = {1966}
}
@book{Cox2011,
author = {Cox, B},
keywords = {1st Year Report,Corrosion,Zr Alloys},
mendeley-tags = {1st Year Report,Corrosion,Zr Alloys},
pages = {893},
publisher = {John Wiley and Sons},
title = {{Zirconium Alloy Corrosion}},
url = {http://eu.wiley.com/WileyCDA/WileyTitle/productCd-0470080329.html},
year = {2011}
}
@article{Copeland1942,
author = {Copeland, A. Wallace. and Black, Otis D. and Garrett, A. B.},
doi = {10.1021/cr60098a004},
file = {:C$\backslash$:/Users/Milan Skocic/Documents/Mendeley Desktop/Copeland, Black, Garrett - 1942 - The Photovoltaic Effect.pdf:pdf},
isbn = {1735-7136},
issn = {0009-2665},
journal = {Chemical Reviews},
keywords = {Photoelectrochemistry},
mendeley-tags = {Photoelectrochemistry},
month = aug,
number = {1},
pages = {177--226},
pmid = {22091309},
title = {{The Photovoltaic Effect.}},
url = {http://pubs.acs.org/doi/abs/10.1021/cr60098a004},
volume = {31},
year = {1942}
}
@techreport{Bischoff2012,
author = {Bischoff, J},
file = {:C$\backslash$:/Users/Milan Skocic/Documents/Mendeley Desktop/Bischoff - 2012 - Shadow Corrosion and ESSC Review.pdf:pdf},
institution = {Areva},
keywords = {1st Year Report,Corrosion,Shadow Corrosion,Zr Alloys},
mendeley-tags = {1st Year Report,Corrosion,Shadow Corrosion,Zr Alloys},
number = {FD1200866},
title = {{Shadow Corrosion and ESSC Review}},
url = {C:$\backslash$Users$\backslash$Milan Skocic$\backslash$Documents$\backslash$Areva\_thesis$\backslash$1-Bibliography$\backslash$1-Classified$\backslash$Bischoff\_2012\_Shadow Corrosion Review.pdf},
year = {2012}
}
@phdthesis{Guillotte2014,
author = {Guillotte, Isma\"{e}l},
file = {:C$\backslash$:/Users/Milan Skocic/Documents/Mendeley Desktop/Guillotte - 2012 - Films passifs form\'{e}s par voie industrielle sur aciers inoxydables relations entre propri\'{e}t\'{e}s physico-chimiques et \'{e}l.pdf:pdf},
keywords = {EIS,PEC,SS,Thesis},
mendeley-tags = {EIS,PEC,SS,Thesis},
school = {Universit\'{e} de Grenoble},
title = {{Films passifs form\'{e}s par voie industrielle sur aciers inoxydables : relations entre propri\'{e}t\'{e}s physico-chimiques et \'{e}lectroniques et r\'{e}sistance \`{a} la corrosion localis\'{e}e}},
year = {2012}
}
@article{Ramasubramanian2004,
author = {Ramasubramanian, N},
file = {:C$\backslash$:/Users/Milan Skocic/Documents/Mendeley Desktop/Ramasubramanian - 2004 - Shadow Corrosion.pdf:pdf},
journal = {Journal of Nuclear Materials},
keywords = {1st Year Report,Corrosion,Shadow Corrosion,Zr Alloys},
mendeley-tags = {1st Year Report,Corrosion,Shadow Corrosion,Zr Alloys},
number = {2-3},
pages = {249--252},
title = {{Shadow Corrosion}},
url = {http://www.sciencedirect.com/science/article/pii/S0022311504004829 C:$\backslash$Users$\backslash$Milan Skocic$\backslash$Documents$\backslash$Areva\_thesis$\backslash$1-Bibliography$\backslash$1-Classified$\backslash$Ramasubramanian\_2004\_Shadow Corrosion.pdf},
volume = {328},
year = {2004}
}
@incollection{Chen1994,
address = {West Palm Beach, Florida},
author = {Chen, J S F and Adamson, R B},
booktitle = {International Topical Meeting LWR Fuel Perform},
file = {:C$\backslash$:/Users/Milan Skocic/Documents/Mendeley Desktop/Chen, Adamson - 1994 - Observations of Shadow Phenomena on Zirconium Alloys.PDF:PDF},
keywords = {1st Year Report,Corrosion,Shadow Corrosion,Zr Alloys},
mendeley-tags = {1st Year Report,Corrosion,Shadow Corrosion,Zr Alloys},
pages = {309--317},
title = {{Observations of Shadow Phenomena on Zirconium Alloys}},
url = {C:$\backslash$Users$\backslash$Milan Skocic$\backslash$Documents$\backslash$Areva\_thesis$\backslash$1-Bibliography$\backslash$1-Classified$\backslash$Chen\_1994\_Observations of Shadow Corrosion phenomena on zirconium alloys.PDF},
year = {1994}
}
@article{Goossens1996,
author = {Goossens, A and Vazquez, M and Macdonald, D D},
file = {:C$\backslash$:/Users/Milan Skocic/Documents/Mendeley Desktop/Goossens, Vazquez, Macdonald - 1996 - The nature of electronic states in anodic Zirconium oxide films part 2 Photoelectrochemical charac.pdf:pdf},
journal = {Electrochimica Acta},
keywords = {Iph,PEC},
mendeley-tags = {Iph,PEC},
number = {1},
pages = {47--55},
title = {{The nature of electronic states in anodic Zirconium oxide films part 2: Photoelectrochemical characterization}},
url = {http://www.sciencedirect.com/science/article/pii/001346869598495A C:$\backslash$Users$\backslash$Milan Skocic$\backslash$Documents$\backslash$Areva\_thesis$\backslash$1-Bibliography$\backslash$1-Classified$\backslash$Goossens\_1996\_The Nature of electronic states in anodic Zr oxide films part 2 PEC characterization.pdf},
volume = {41},
year = {1996}
}
@techreport{King1989,
author = {King, F and Bailey, M G and Clarke, C F and Ikeda, B M and Litke, C D and Ryan, S R},
file = {:C$\backslash$:/Users/Milan Skocic/Documents/Mendeley Desktop/King et al. - 1989 - A high-temperature, high-pressure, silver-silver chloride reference electrode.pdf:pdf},
institution = {Energie Atomique du Canada},
keywords = {Electrochemistry,Reference Electrode},
mendeley-tags = {Electrochemistry,Reference Electrode},
title = {{A high-temperature, high-pressure, silver-silver chloride reference electrode}},
url = {http://www.iaea.org/inis/collection/NCLCollectionStore/\_Public/22/060/22060368.pdf C:$\backslash$Users$\backslash$Milan Skocic$\backslash$Documents$\backslash$Areva\_thesis$\backslash$1-Bibliography$\backslash$1-Classified$\backslash$King\_1989-A high-temperature, high-pressure, silver-silver chloride reference electrode.pdf},
year = {1989}
}
@article{Nishino1997,
author = {Nishino, Yoshitaka and Endo, Masao and Ibe, Eishi and Yasuda, Takayoshi},
doi = {10.1016/S0022-3115(97)00126-8},
file = {:C$\backslash$:/Users/Milan Skocic/Documents/Mendeley Desktop/Nishino et al. - 1997 - Formation and dissolution of oxide film on zirconium alloys in 288°C pure water under $\gamma$-ray irradiation.pdf:pdf},
issn = {00223115},
journal = {Journal of Nuclear Materials},
keywords = {Corrosion,Irradiation,Zr Alloys},
mendeley-tags = {Corrosion,Irradiation,Zr Alloys},
month = sep,
pages = {292--298},
title = {{Formation and dissolution of oxide film on zirconium alloys in 288°C pure water under $\gamma$-ray irradiation}},
url = {http://www.sciencedirect.com/science/article/pii/S0022311597001268 http://linkinghub.elsevier.com/retrieve/pii/S0022311597001268},
volume = {248},
year = {1997}
}
@misc{Jones,
author = {Jones, Eric and Oliphant, Travis and Peterson, Pearu and Others},
keywords = {Computing,Numerical Analysis,Python},
mendeley-tags = {Computing,Numerical Analysis,Python},
title = {{SciPy: Open source scientific tools for Python}},
url = {http://www.scipy.org/}
}
@article{Gartner1959,
author = {G\"{a}rtner, Wolfgang W},
file = {:C$\backslash$:/Users/Milan Skocic/Documents/Mendeley Desktop/G\"{a}rtner - 1959 - Depletion-Layer Photoeffects in Semiconductors.pdf:pdf},
journal = {Physical Review},
keywords = {Iph,PEC},
mendeley-tags = {Iph,PEC},
number = {1},
pages = {84--87},
title = {{Depletion-Layer Photoeffects in Semiconductors}},
url = {http://link.aps.org/doi/10.1103/PhysRev.116.84 C:$\backslash$Users$\backslash$Milan Skocic$\backslash$Documents$\backslash$Areva\_thesis$\backslash$1-Bibliography$\backslash$1-Classified$\backslash$Gartner\_1959\_Depletion Layer photoeffects in semiconductors.pdf},
volume = {116},
year = {1959}
}
@article{Petit2013,
author = {Petit, J.-P. and Boichot, R and Loucif, A and Srisrual, A and Wouters, Y},
file = {:C$\backslash$:/Users/Milan Skocic/Documents/Mendeley Desktop/Petit et al. - 2013 - Photoelectrochemistry of Oxidation Layers a Novel Approach to Analyze Photocurrent Energy Spectra.PDF:PDF},
journal = {Oxidation of Metals},
keywords = {Iph,PEC},
mendeley-tags = {Iph,PEC},
pages = {1--11},
title = {{Photoelectrochemistry of Oxidation Layers: a Novel Approach to Analyze Photocurrent Energy Spectra}},
url = {http://dx.doi.org/10.1007/s11085-012-9352-0 C:$\backslash$Users$\backslash$Milan Skocic$\backslash$Documents$\backslash$Areva\_thesis$\backslash$1-Bibliography$\backslash$1-Classified$\backslash$Petit\_2013\_Photoelectrochemistry of oxidation layers a novel approach to analyze photocurrent energy spectra.PDF},
volume = {1 },
year = {2013}
}
@book{Talbot1998,
address = {Boca Raton, FL},
author = {Talbot, David and James, Talbot},
file = {:C$\backslash$:/Users/Milan Skocic/Documents/Mendeley Desktop/Talbot, James - 1998 - Corrosion Science and Technology.pdf:pdf},
isbn = {0849382246},
keywords = {Corrosion},
mendeley-tags = {Corrosion},
publisher = {CRC Press, Inc.},
title = {{Corrosion Science and Technology}},
year = {1998}
}
@incollection{Trowse1977,
author = {Trowse, F W and Sumerling, R and Garlick, A},
booktitle = {Zirconium in Nuclear Industry},
keywords = {1st Year Report,ASTM,Corrosion,Shadow Corrosion,Zr Alloys},
mendeley-tags = {1st Year Report,ASTM,Corrosion,Shadow Corrosion,Zr Alloys},
publisher = {ASTM International},
title = {{Nodular Corrosion of Zircaloy-2 and Some Other Zirconium Alloys in Steam Generating Heavy Water Reactors and Related Environments}},
url = {http://www.astm.org/DIGITAL\_LIBRARY/STP/PAGES/STP35574S.htm},
year = {1977}
}
@techreport{Guerin2007,
author = {Guerin, P},
file = {:C$\backslash$:/Users/Milan Skocic/Documents/Mendeley Desktop/Guerin - 2007 - Out of pile characterization of current and future BWR materials.pdf:pdf},
institution = {Cezus Ugine},
keywords = {Corrosion,Zr Alloys},
mendeley-tags = {Corrosion,Zr Alloys},
title = {{Out of pile characterization of current and future BWR materials}},
year = {2007}
}
@book{MacDonald2005,
address = {Hoboken, NJ, USA},
author = {Barsoukov, Evgenij and Macdonald, J. Ross},
booktitle = {Impedance Spectroscopy: Theory, Experiment, and Applications},
doi = {10.1002/0471716243},
edition = {2},
file = {:C$\backslash$:/Users/Milan Skocic/Documents/Mendeley Desktop/Barsoukov, Macdonald - 2005 - Impedance Spectroscopy Theory, Experiment, and Applications.pdf:pdf},
isbn = {0471647497},
issn = {01672738},
keywords = {EIS,Electrochemistry,impedance spectroscopy (IS),proliferation of interfaces,solid state technology},
mendeley-tags = {EIS,Electrochemistry},
pmid = {18539007},
publisher = {John Wiley \& Sons, Inc.},
title = {{Impedance Spectroscopy: Theory, Experiment, and Applications}},
url = {http://dx.doi.org/10.1002/0471716243},
year = {2005}
}
@book{Douglass1971,
address = {Vienna},
author = {Douglass, D L},
keywords = {1st Year Report,IAEA,Metallurgy,Zr Alloys},
mendeley-tags = {1st Year Report,IAEA,Metallurgy,Zr Alloys},
publisher = {International Atomic Energy Agency},
title = {{The Metallurgy of Zirconium}},
year = {1971}
}
@article{Becquerel1839,
author = {Becquerel, E.},
journal = {Comptes Rendus des S\'{e}ances Hebdomadaires},
keywords = {Photoelectrochemistry},
mendeley-tags = {Photoelectrochemistry},
pages = {561--567},
title = {{M\'{e}moire sur les effets \'{e}lectriques produits sous l'influence des rayons solaires}},
volume = {9},
year = {1839}
}
@article{Loucif2013,
author = {Loucif, A and Petit, J.-P. and Wouters, Y},
file = {:C$\backslash$:/Users/Milan Skocic/Documents/Mendeley Desktop/Loucif, Petit, Wouters - 2013 - Semiconducting behavior and bandgap energies of oxide films grown on alloy 600 under PWR simulated prima.pdf:pdf},
journal = {Journal of Nuclear Materials},
keywords = {1st Year Report,Electrochemistry,Iph,Ni Alloys,PEC},
mendeley-tags = {1st Year Report,Electrochemistry,Iph,Ni Alloys,PEC},
number = {1-3},
pages = {222--229},
title = {{Semiconducting behavior and bandgap energies of oxide films grown on alloy 600 under PWR simulated primary water conditions with different dissolved hydrogen contents}},
url = {http://dx.doi.org/10.1016/j.jnucmat.2013.07.044 C:$\backslash$Users$\backslash$Milan Skocic$\backslash$Documents$\backslash$Areva\_thesis$\backslash$1-Bibliography$\backslash$1-Classified$\backslash$Loucif\_2013-Semiconducting behavior and bandgap energies of oxide films grown on alloy 600 under PWR simulated primary water conditions with different dissolved hydrogen contents.pdf},
volume = {443},
year = {2013}
}
@article{Gratzel2001,
archivePrefix = {arXiv},
arxivId = {5},
author = {Gr\"{a}tzel, Michael},
doi = {10.1038/35104607},
eprint = {5},
file = {:C$\backslash$:/Users/Milan Skocic/Documents/Mendeley Desktop/Gr\"{a}tzel - 2001 - Photoelectrochemical cell.pdf:pdf},
isbn = {0028-0836},
issn = {00280836},
journal = {Nature},
keywords = {Photoelectrochemistry},
mendeley-tags = {Photoelectrochemistry},
month = nov,
number = {6861},
pages = {338--344},
pmid = {11713540},
title = {{Photoelectrochemical cell}},
url = {http://www.nature.com/doifinder/10.1038/35104607},
volume = {414},
year = {2001}
}
@book{Langtangen2012,
address = {Berlin Heidelberg},
author = {Langtangen, H.-P.},
edition = {3},
file = {:C$\backslash$:/Users/Milan Skocic/Documents/Mendeley Desktop/Langtangen - 2012 - A Primer on Scientific Programming with Python.pdf:pdf},
isbn = {978-3-642-30293-0},
keywords = {Computing,Numerical Analysis,Python},
mendeley-tags = {Computing,Numerical Analysis,Python},
publisher = {Springer},
title = {{A Primer on Scientific Programming with Python}},
url = {http://www.springer.com/mathematics/computational+science+\&+engineering/book/978-3-642-30292-3 C:$\backslash$Users$\backslash$Milan Skocic$\backslash$Documents$\backslash$Areva\_thesis$\backslash$1-Bibliography$\backslash$1-Classified$\backslash$Langtangen\_2012-A primer on scientific programming with Python 3rd edition.pdf},
year = {2012}
}
@phdthesis{Loucif2012,
author = {Loucif, A},
file = {:C$\backslash$:/Users/Milan Skocic/Documents/Mendeley Desktop/Loucif - 2012 - Caract\'{e}risation photo\'{e}lectrochimique des oxydes form\'{e}s sur alliages base nickel en milieu primaire des r\'{e}acteurs \`{a} eau p.pdf:pdf},
keywords = {Electrochemistry,Iph,PEC,Thesis},
mendeley-tags = {Electrochemistry,Iph,PEC,Thesis},
publisher = {Universit\'{e} de Grenoble},
title = {{Caract\'{e}risation photo\'{e}lectrochimique des oxydes form\'{e}s sur alliages base nickel en milieu primaire des r\'{e}acteurs \`{a} eau pressuris\'{e}e}},
url = {http://tel.archives-ouvertes.fr/docs/00/84/29/98/PDF/22878\_LOUCIF\_2012\_archivage.pdf C:$\backslash$Users$\backslash$Milan Skocic$\backslash$Documents$\backslash$Areva\_thesis$\backslash$1-Bibliography$\backslash$1-Classified$\backslash$Loucif\_2012-Caract�risation photo�lectrochimique des oxydes formes sur alliages base nickel en milieu primaire des reacteurs a eau pressurisee .pdf},
year = {2012}
}
@book{Coppolani2004,
author = {Coppolani, P},
editor = {Coppolani, P},
file = {:C$\backslash$:/Users/Milan Skocic/Documents/Mendeley Desktop/Coppolani - 2004 - La Chaudi\`{e}re des r\'{e}acteurs \`{a} eau sous pression.pdf:pdf},
keywords = {1st Year Report},
mendeley-tags = {1st Year Report},
publisher = {EDP Sciences },
title = {{La Chaudi\`{e}re des r\'{e}acteurs \`{a} eau sous pression}},
url = {http://books.google.fr/books/about/La\_Chaudi\`{e}re\_des\_r\'{e}acteurs\_\`{a}\_eau\_sous.html?hl=fr\&id=51QNI7arTX8C},
year = {2004}
}
@techreport{Nystrand1999,
author = {Nystrand, A C and Lassing, A},
file = {:C$\backslash$:/Users/Milan Skocic/Documents/Mendeley Desktop/Nystrand, Lassing - 1999 - Shadow corrosion testing in the INCA facility in the Studsvik R2 reactor.PDF:PDF},
institution = {IAEA},
keywords = {1st Year Report,Corrosion,IAEA,Shadow Corrosion,Zr Alloys},
mendeley-tags = {1st Year Report,Corrosion,IAEA,Shadow Corrosion,Zr Alloys},
number = {IAEA-TECDOC--1128},
title = {{Shadow corrosion testing in the INCA facility in the Studsvik R2 reactor}},
url = {http://inis.iaea.org/search/search.aspx?orig\_q=RN:30060396 C:$\backslash$Users$\backslash$Milan Skocic$\backslash$Documents$\backslash$Areva\_thesis$\backslash$1-Bibliography$\backslash$1-Classified$\backslash$Nystrand\_1999\_Shadow corrosion testing in the INCA facility in the studsvik R2 reactor.PDF},
year = {1999}
}
@article{Mozumder2002,
author = {Mozumder, A},
file = {:C$\backslash$:/Users/Milan Skocic/Documents/Mendeley Desktop/Mozumder - 2002 - Ionization and excitation yields in liquid water due to the primary irradiation Relationship of radiolysis with far UV.pdf:pdf},
journal = {Physical Chemistry Chemical Physics},
keywords = {1st Year Report,Water Chemistry},
mendeley-tags = {1st Year Report,Water Chemistry},
pages = {1451--1456},
title = {{Ionization and excitation yields in liquid water due to the primary irradiation: Relationship of radiolysis with far UV-photolysis}},
url = {http://dx.doi.org/10.1039/B106017C C:$\backslash$Users$\backslash$Milan Skocic$\backslash$Documents$\backslash$Areva\_thesis$\backslash$1-Bibliography$\backslash$1-Classified$\backslash$Mozumder\_2002\_Ionization and excitation yields in liquide water due to the primary irradiation Relationship of radiolysis with far UVphotolysis.pdf},
volume = {4},
year = {2002}
}
@misc{Bard2002,
author = {Bard, Allen J. and Stratmann, M.},
booktitle = {Encyclopedia of Electrochemistry},
file = {:C$\backslash$:/Users/Milan Skocic/Documents/Mendeley Desktop/Bard, Stratmann - 2002 - Fundamentals of Semiconductors Electrochemistry and Photoelectrochemistry.pdf:pdf},
keywords = {Electrochemistry,Photoelectrochemistry},
mendeley-tags = {Electrochemistry,Photoelectrochemistry},
publisher = {Wiley-VCH},
title = {{Fundamentals of Semiconductors Electrochemistry and Photoelectrochemistry}},
year = {2002}
}
@incollection{Cox1989,
author = {Cox, B and Fidleris, V},
booktitle = {Zirconium in the Nuclear Industry: Eighth International Symposium},
file = {:C$\backslash$:/Users/Milan Skocic/Documents/Mendeley Desktop/Cox, Fidleris - 1989 - Enhanced Low-Temperature Oxidation of Zirconium Alloys Under Irradiation.pdf:pdf},
keywords = {1st Year Report,ASTM,Corrosion,Shadow Corrosion,Zr Alloys},
mendeley-tags = {1st Year Report,ASTM,Corrosion,Shadow Corrosion,Zr Alloys},
publisher = {ASTM International},
title = {{Enhanced Low-Temperature Oxidation of Zirconium Alloys Under Irradiation}},
url = {http://www.astm.org/BOOKSTORE/PUBS/STP1023.htm C:$\backslash$Users$\backslash$Milan Skocic$\backslash$Documents$\backslash$Areva\_thesis$\backslash$1-Bibliography$\backslash$1-Classified$\backslash$Cox\_1989-Enhanced Low Temperature Oxidation of Zirconium Alloys Under Irradiation.pdf},
year = {1989}
}
@book{Protassov2002,
author = {Protassov, Konstantin},
edition = {1st},
isbn = {9782868835901},
keywords = {Statistics},
mendeley-tags = {Statistics},
pages = {160},
publisher = {EDP Sciences},
title = {{Analyse statistique de donn\'{e}es exp\'{e}rimentales}},
url = {http://laboutique.edpsciences.fr/produit/9782868835901},
year = {2002}
}
@incollection{Garzarolli2002,
author = {Garzarolli, F. and Ruhmann, H. and {Van Swam}, L.},
booktitle = {Zirconium in the Nuclear Industry: Thirteenth International Symposium},
title = {{Alternative Zr Alloys with Irradiation Resistant Precipitates for High Burnup BWR Application}},
year = {2002}
}
@article{Benaboud2007,
author = {Benaboud, R and Bouvier, P and Petit, J.-P. and Wouters, Y and Galerie, A},
file = {:C$\backslash$:/Users/Milan Skocic/Documents/Mendeley Desktop/Benaboud et al. - 2007 - Comparative study and imaging by PhotoElectroChemical techniques of oxide films thermally grown on zirconium an.pdf:pdf},
journal = {Journal of Nuclear Materials},
keywords = {1st Year Report,Electrochemistry,Iph,PEC},
mendeley-tags = {1st Year Report,Electrochemistry,Iph,PEC},
month = feb,
number = {2},
pages = {151--158},
title = {{Comparative study and imaging by PhotoElectroChemical techniques of oxide films thermally grown on zirconium and Zircaloy-4}},
url = {http://dx.doi.org/10.1016/j.jnucmat.2006.10.001 C:$\backslash$Users$\backslash$Milan Skocic$\backslash$Documents$\backslash$Areva\_thesis$\backslash$1-Bibliography$\backslash$1-Classified$\backslash$Benaboud\_2007-Comparative study and imaging by PhotoElectroChemical techniques of oxide films thermally grown on zirconium and Zircaloy-4.pdf},
volume = {360},
year = {2007}
}
@book{Pradel2008,
address = {Paris},
author = {Pradel, P},
file = {:C$\backslash$:/Users/Milan Skocic/Documents/Mendeley Desktop/Pradel - 2008 - Les combustible nucl\'{e}aire.pdf:pdf},
keywords = {1st Year Report,CEA},
mendeley-tags = {1st Year Report,CEA},
publisher = {CEA Saclay et Groupe Moniteur},
title = {{Les combustible nucl\'{e}aire}},
url = {http://nucleaire.cea.fr/fr/publications/pdf/Mono2CEA\_3FR.pdf C:$\backslash$Users$\backslash$Milan Skocic$\backslash$Documents$\backslash$Areva\_thesis$\backslash$1-Bibliography$\backslash$1-Classified$\backslash$Pradel\_2008-Les combustibles nucleaire.pdf},
year = {2008}
}
@incollection{Lysell2004,
author = {Lysell, G and Nystrand, A.-C. and Ullberg, M},
booktitle = {Zirconium in the Nuclear Industry: Fourteenth International Symposium},
keywords = {1st Year Report,ASTM,Corrosion,Shadow Corrosion,Zr Alloys},
mendeley-tags = {1st Year Report,ASTM,Corrosion,Shadow Corrosion,Zr Alloys},
publisher = {ASTM International},
title = {{Shadow Corrosion Mechanism of Zircaloy}},
url = {http://www.astm.org/DIGITAL\_LIBRARY/STP/PAGES/STP37520S.htm},
year = {2004}
}
@article{VanderWalt2011,
abstract = {In the Python world, NumPy arrays are the standard representation for numerical data and enable efficient implementation of numerical computations in a high-level language. As this effort shows, NumPy performance can be improved through three techniques: vectorizing calculations, avoiding copying data in memory, and minimizing operation counts.},
author = {van der Walt, Stéfan and Colbert, S Chris and Varoquaux, Gaël},
doi = {10.1109/MCSE.2011.37},
file = {:C$\backslash$:/Users/Milan Skocic/Documents/Mendeley Desktop/van der Walt, Colbert, Varoquaux - 2011 - The NumPy Array A Structure for Efficient Numerical Computation.pdf:pdf},
issn = {1521-9615},
journal = {Computing in Science \& Engineering},
keywords = {Arrays,Computational efficiency,Computing,Finite element methods,NumPy,Numerical Analysis,Numerical analysis,Performance evaluation,Python,Python programming language,Resource management,Vector quantization,data structures,high level language,high level languages,mathematics computing,numerical analysis,numerical computation,numerical computations,numerical data,numpy array,programming libraries,scientific programming},
mendeley-tags = {Computing,Numerical Analysis,Python},
month = mar,
number = {2},
pages = {22--30},
shorttitle = {Computing in Science \& Engineering},
title = {{The NumPy Array: A Structure for Efficient Numerical Computation}},
url = {http://ieeexplore.ieee.org/lpdocs/epic03/wrapper.htm?arnumber=5725236},
volume = {13},
year = {2011}
}
@book{Fromhold1980,
address = {Amsterdam},
author = {Fromhold, A.T.},
keywords = {Corrosion,Zr Alloys},
mendeley-tags = {Corrosion,Zr Alloys},
pages = {548},
publisher = {North-Holland Publishing Co},
title = {{Theory of metal oxidation, Vol.2. Space charge}},
url = {http://trove.nla.gov.au/work/10212255},
year = {1980}
}
@book{Kiusalaas2010,
address = {Cambridge},
author = {Kiusalaas, Jaan},
edition = {2},
isbn = {113948415X},
keywords = {Computing,Python},
mendeley-tags = {Computing,Python},
pages = {422},
publisher = {Cambridge University Press},
title = {{Numerical Methods in Engineering with Python}},
url = {https://books.google.com/books?id=9SG1r8EJawIC\&pgis=1},
year = {2010}
}
@article{Howlader1999,
author = {Howlader, M M R and Kinoshita, C and Shiiyama, K and Kutsuwada, M and Inagaki, M},
file = {:C$\backslash$:/Users/Milan Skocic/Documents/Mendeley Desktop/Howlader et al. - 1999 - In situ measurement of electrical conductivity of Zircaloy oxides and their formation mechanism under electron.pdf:pdf},
journal = {Journal of Nuclear Materials},
keywords = {Corrosion,Zr Alloys},
mendeley-tags = {Corrosion,Zr Alloys},
number = {1-2},
pages = {100--107},
title = {{In situ measurement of electrical conductivity of Zircaloy oxides and their formation mechanism under electron irradiation}},
url = {http://www.sciencedirect.com/science/article/pii/S0022311598006096 C:$\backslash$Users$\backslash$Milan Skocic$\backslash$Documents$\backslash$Areva\_thesis$\backslash$1-Bibliography$\backslash$1-Classified$\backslash$Howlader\_1999\_Insitu measurements of electrical conductivity of Zircaloy oxides and their formation mechanism under},
volume = {265},
year = {1999}
}
@phdthesis{Srisrual2013,
author = {Srisrual, A},
file = {:C$\backslash$:/Users/Milan Skocic/Documents/Mendeley Desktop/Srisrual - 2013 - Caract\'{e}risation photo\'{e}lectrochimique d’oxydes thermiques d\'{e}velopp\'{e}s sur m\'{e}taux et alliages mod\`{e}les.pdf:pdf},
keywords = {1st Year Report,Electrochemistry,Iph,PEC},
mendeley-tags = {1st Year Report,Electrochemistry,Iph,PEC},
publisher = {Universit\'{e} de Grenoble},
school = {Universit\'{e} de Grenoble},
title = {{Caract\'{e}risation photo\'{e}lectrochimique d’oxydes thermiques d\'{e}velopp\'{e}s sur m\'{e}taux et alliages mod\`{e}les}},
url = {C:$\backslash$Users$\backslash$Milan Skocic$\backslash$Documents$\backslash$Areva\_thesis$\backslash$1-Bibliography$\backslash$1-Classified$\backslash$Srisrual\_2013\_Caracterisation\_PEC\_alliages\_modeles.pdf},
year = {2013}
}
@techreport{Edsinger2004,
address = {Palo Alto, CA and Kernkraftwerk Leibstadt AG, Leibstadt Switzerland},
file = {:C$\backslash$:/Users/Milan Skocic/Documents/Mendeley Desktop/Unknown - 2004 - Enhanced Spacer Shadow Corrosion ( ESSC ) of BWR Fuel at Kernkraftwerk Leibstadt (KKL).pdf:pdf},
institution = {EPRI},
keywords = {EPRI,Shadow Corrosion},
mendeley-tags = {EPRI,Shadow Corrosion},
title = {{Enhanced Spacer Shadow Corrosion ( ESSC ) of BWR Fuel at Kernkraftwerk Leibstadt (KKL)}},
year = {2004}
}
@article{Vizcaino2008,
author = {Vizcaino, P. and Banchik, A.D. and Abriata, J.P.},
doi = {10.1016/j.matlet.2007.05.062},
file = {:C$\backslash$:/Users/Milan Skocic/Documents/Mendeley Desktop/Vizcaino, Banchik, Abriata - 2008 - Synchrotron X-ray diffraction evidences of the amorphizationdissolution of the second phase particle.pdf:pdf},
issn = {0167577X},
journal = {Materials Letters},
keywords = {Corrosion,Zr Alloys},
mendeley-tags = {Corrosion,Zr Alloys},
month = feb,
number = {3},
pages = {491--493},
title = {{Synchrotron X-ray diffraction evidences of the amorphization/dissolution of the second phase particles (SPPs) in neutron irradiated Zircaloy-4}},
url = {http://www.sciencedirect.com/science/article/pii/S0167577X07005824},
volume = {62},
year = {2008}
}
@techreport{IAEA2011,
file = {:C$\backslash$:/Users/Milan Skocic/Documents/Mendeley Desktop/Unknown - 2011 - Optimization of Water Chemistry to Ensure Reliable Water Reactor Fuel Performance at High Burnup and in Ageing Plant.pdf:pdf},
institution = {IAEA},
keywords = {Corrosion,IAEA,Zr Alloys},
mendeley-tags = {Corrosion,IAEA,Zr Alloys},
title = {{Optimization of Water Chemistry to Ensure Reliable Water Reactor Fuel Performance at High Burnup and in Ageing Plant}},
url = {http://www-pub.iaea.org/MTCD/Publications/PDF/TE\_1666\_web.pdf},
year = {2011}
}
@article{Atmani2008,
author = {Atmani, F and Wouters, Y and Galerie, A and Petit, J.-P. and Dali, Y and Tupin, M and Bossis, P},
file = {:C$\backslash$:/Users/Milan Skocic/Documents/Mendeley Desktop/Atmani et al. - 2008 - Imaging by Photoelectrochemical Techniques of Laves-Phases gamma-Zr(Fe,Cr)2 Thermally Oxidized on Zircaloy-4.pdf:pdf},
journal = {Materials Science Forum},
keywords = {1st Year Report,Corrosion,SPP,Zr Alloys},
mendeley-tags = {1st Year Report,Corrosion,SPP,Zr Alloys},
pages = {571--579},
title = {{Imaging by Photoelectrochemical Techniques of Laves-Phases gamma-Zr(Fe,Cr)2 Thermally Oxidized on Zircaloy-4}},
url = {http://www.scientific.net/MSF.595-598.571.pdf C:$\backslash$Users$\backslash$Milan Skocic$\backslash$Documents$\backslash$Areva\_thesis$\backslash$1-Bibliography$\backslash$1-Classified$\backslash$Wouters\_2008\_imaging by PEC of laves-phases Zr(FECr)2 thermally oxidized on Zirc4.pdf},
volume = {595-598},
year = {2008}
}
@article{Oliphant2007,
author = {Oliphant, Travis E.},
doi = {10.1109/MCSE.2007.58},
file = {:C$\backslash$:/Users/Milan Skocic/Documents/Mendeley Desktop/Oliphant - 2007 - Python for Scientific Computing.pdf:pdf},
issn = {1521-9615},
journal = {Computing in Science \& Engineering},
keywords = {Computing,Numerical Analysis,Python},
mendeley-tags = {Computing,Numerical Analysis,Python},
number = {3},
pages = {10--20},
shorttitle = {Computing in Science \& Engineering},
title = {{Python for Scientific Computing}},
url = {http://scitation.aip.org/content/aip/journal/cise/9/3/10.1109/MCSE.2007.58},
volume = {9},
year = {2007}
}
@article{Simeone2000,
author = {Simeone, D and Bechade, J L and Gosset, D and Chevarier, A and Daniel, P and Pilliaire, H and Baldinozzi, G},
file = {:C$\backslash$:/Users/Milan Skocic/Documents/Mendeley Desktop/Simeone et al. - 2000 - Investigation on the zirconia phase transition under irradiation.pdf:pdf},
journal = {Journal of Nuclear Materials},
keywords = {Zirconia Properties,Zr Alloys},
mendeley-tags = {Zirconia Properties,Zr Alloys},
number = {2-3},
pages = {171--181},
title = {{Investigation on the zirconia phase transition under irradiation}},
url = {http://www.sciencedirect.com/science/article/pii/S0022311500001835 C:$\backslash$Users$\backslash$Milan Skocic$\backslash$Documents$\backslash$Areva\_thesis$\backslash$1-Bibliography$\backslash$1-Classified$\backslash$Simeone\_2000-Investigation on the zirconia phase transition under irradiation.pdf},
volume = {281},
year = {2000}
}
@phdthesis{Chatelain2000,
author = {Ch\^{a}telain, A R},
file = {:C$\backslash$:/Users/Milan Skocic/Documents/Mendeley Desktop/Ch\^{a}telain - 2000 - Enhanced Corrosion of Zirconium-Base Alloys in proximity to Other Metals The Shadow Effect.pdf:pdf},
keywords = {1st Year Report,Corrosion,Shadow Corrosion,Thesis,Zr Alloys},
mendeley-tags = {1st Year Report,Corrosion,Shadow Corrosion,Thesis,Zr Alloys},
school = {Massachusetts Institute of Technology},
title = {{Enhanced Corrosion of Zirconium-Base Alloys in proximity to Other Metals: The Shadow Effect}},
url = {http://dspace.mit.edu/handle/1721.1/8871 C:$\backslash$Users$\backslash$Milan Skocic$\backslash$Documents$\backslash$Areva\_thesis$\backslash$1-Bibliography$\backslash$1-Classified$\backslash$Chatelain\_2000\_Enhanced Corrosion of Zirconium-Base Alloys in Proximity to other Metals The Shadow effect.pdf},
year = {2000}
}
@article{Carpenter1989,
author = {Carpenter, Michael K.},
doi = {10.1149/1.2096777},
file = {:C$\backslash$:/Users/Milan Skocic/Documents/Mendeley Desktop/Carpenter - 1989 - Photoelectrochemistry of Nickel Hydroxide Thin Films.pdf:pdf},
issn = {00134651},
journal = {Journal of The Electrochemical Society},
keywords = {Photoelectrochemistry},
mendeley-tags = {Photoelectrochemistry},
number = {4},
pages = {1022},
title = {{Photoelectrochemistry of Nickel Hydroxide Thin Films}},
url = {http://jes.ecsdl.org/cgi/doi/10.1149/1.2096777},
volume = {136},
year = {1989}
}
@article{Shirvington1970,
author = {Shirvington, P J},
file = {:C$\backslash$:/Users/Milan Skocic/Documents/Mendeley Desktop/Shirvington - 1970 - Electron conduction through oxide films on Zircaloy-2.pdf:pdf},
journal = {Journal of Nuclear Materials},
keywords = {Iph,PEC},
mendeley-tags = {Iph,PEC},
number = {2},
pages = {177--202},
title = {{Electron conduction through oxide films on Zircaloy-2}},
url = {http://www.sciencedirect.com/science/article/pii/002231157090084X C:$\backslash$Users$\backslash$Milan Skocic$\backslash$Documents$\backslash$Areva\_thesis$\backslash$1-Bibliography$\backslash$1-Classified$\backslash$Shirvington\_1970-Electron conduction through oxide films on Zy2.pdf},
volume = {37},
year = {1970}
}
@article{Shikama1994,
abstract = {The interaction of various types of radiations with matter is briefly reviewed with particular emphasis on those effect peculiar to polyatomic ceramic insulator. A comparison is made between neutron and other energetic particles on the swelling behavior of alumina (Al2O3), which is the strongest candidate ceramic for fusion reactor applications. Special attention focussed on the dynamic effects of irradiation, such radiation induced conductivity, radiation enhanced electrical degradation and dielectric loss.},
author = {Shikama, T and Pells, G P},
file = {:C$\backslash$:/Users/Milan Skocic/Documents/Mendeley Desktop/Shikama, Pells - 1994 - A comparison of the effects of neutron and other irradiation sources on the dynamic property changes of ceramic.pdf:pdf},
journal = {Journal of Nuclear Materials},
keywords = {1st Year Report},
mendeley-tags = {1st Year Report},
month = oct,
pages = {80--89},
title = {{A comparison of the effects of neutron and other irradiation sources on the dynamic property changes of ceramic insulators}},
url = {http://dx.doi.org/10.1016/0022-3115(94)90036-1 C:$\backslash$Users$\backslash$Milan Skocic$\backslash$Documents$\backslash$Areva\_thesis$\backslash$1-Bibliography$\backslash$1-Classified$\backslash$Shikama\_19994-A comparison of the effects of neutron and other irraduation sources on the dynamic properties changes of ceramic insulators.pdf},
volume = {212-215},
year = {1994}
}
@book{Bard2001,
address = {New York},
author = {Bard, Allen J. and Faulkner, Larry R.},
edition = {2},
file = {:C$\backslash$:/Users/Milan Skocic/Documents/Mendeley Desktop/Bard, Faulkner - 2001 - Electrochemical Methods Fundamentals and Applications.pdf:pdf},
isbn = {978-0-471-04372-0},
keywords = {Bard2001,Electrochemistry},
mendeley-tags = {Electrochemistry},
pages = {864},
publisher = {John Wiley \& Sons, Inc.},
title = {{Electrochemical Methods: Fundamentals and Applications}},
url = {http://eu.wiley.com/WileyCDA/WileyTitle/productCd-0471043729.html},
year = {2001}
}
@article{Simeone2002,
author = {Simeone, D and Gosset, D and Bechade, J L and Chevarier, A},
file = {:C$\backslash$:/Users/Milan Skocic/Documents/Mendeley Desktop/Simeone et al. - 2002 - Analysis of the monoclinic-tetragonal phase transition of zirconia under irradiation.pdf:pdf},
journal = {Journal of Nuclear Materials},
keywords = {Zirconia Properties,Zr Alloys},
mendeley-tags = {Zirconia Properties,Zr Alloys},
number = {1},
pages = {27--38},
title = {{Analysis of the monoclinic-tetragonal phase transition of zirconia under irradiation}},
url = {http://www.sciencedirect.com/science/article/pii/S0022311501007012 C:$\backslash$Users$\backslash$Milan Skocic$\backslash$Documents$\backslash$Areva\_thesis$\backslash$1-Bibliography$\backslash$1-Classified$\backslash$Simeone\_2002-Analysis of the monoclinic?tetragonal phase transition of zirconia under irradiation.pdf},
volume = {300},
year = {2002}
}
@article{Garcia1999,
author = {Garcia, E.A. and B\'{e}ranger, G.},
doi = {10.1016/S0022-3115(98)00691-6},
file = {:C$\backslash$:/Users/Milan Skocic/Documents/Mendeley Desktop/Garcia, B\'{e}ranger - 1999 - Diffusion model for the oxidation of Zircaloy-4 at 400°C in steam. The influence of metallurgical structure.pdf:pdf},
issn = {00223115},
journal = {Journal of Nuclear Materials},
keywords = {Corrosion,Kinetics,Zr Alloys},
mendeley-tags = {Corrosion,Kinetics,Zr Alloys},
month = jul,
number = {2},
pages = {221--227},
title = {{Diffusion model for the oxidation of Zircaloy-4 at 400°C in steam. The influence of metallurgical structure}},
url = {http://www.sciencedirect.com/science/article/pii/S0022311598006916 http://linkinghub.elsevier.com/retrieve/pii/S0022311598006916},
volume = {273},
year = {1999}
}
@techreport{IAEA1998,
file = {:C$\backslash$:/Users/Milan Skocic/Documents/Mendeley Desktop/Unknown - 1998 - Water side corrosion of zirconium alloys in nuclear power plants.pdf:pdf},
institution = {IAEA},
keywords = {1st Year Report,Corrosion,IAEA,Zr Alloys},
mendeley-tags = {1st Year Report,Corrosion,IAEA,Zr Alloys},
title = {{Water side corrosion of zirconium alloys in nuclear power plants}},
url = {http://www-pub.iaea.org/MTCD/Publications/PDF/te\_996\_web.pdf C:$\backslash$Users$\backslash$Milan Skocic$\backslash$Documents$\backslash$Areva\_thesis$\backslash$1-Bibliography$\backslash$1-Classified$\backslash$IAEA-TECDOC-996\_1998\_Waterside corrosion of Zr alloys in nuclear power plants.pdf},
year = {1998}
}
@book{Marucco2006,
address = {Paris},
author = {Marucco, Jean-Francis},
file = {:C$\backslash$:/Users/Milan Skocic/Documents/Mendeley Desktop/Marucco - 2006 - Chimie des solides.pdf:pdf},
isbn = {9782868836731},
keywords = {Solid State},
mendeley-tags = {Solid State},
pages = {500},
publisher = {EDP Sciences},
title = {{Chimie des solides}},
url = {http://laboutique.edpsciences.fr/produit/296/9782759801732/La chimie des solides?search\_text=marucco},
year = {2006}
}
@article{Cox2005,
author = {Cox, B},
file = {:C$\backslash$:/Users/Milan Skocic/Documents/Mendeley Desktop/Cox - 2005 - Some thoughts on the mechanisms of in-reactor corrosion of zirconium alloys.pdf:pdf},
journal = {Journal of Nuclear Materials},
keywords = {1st Year Report,Corrosion,Shadow Corrosion,Zr Alloys},
mendeley-tags = {1st Year Report,Corrosion,Shadow Corrosion,Zr Alloys},
pages = {331--368},
title = {{Some thoughts on the mechanisms of in-reactor corrosion of zirconium alloys}},
url = {http://www.sciencedirect.com/science/article/pii/S002231150400875X C:$\backslash$Users$\backslash$Milan Skocic$\backslash$Documents$\backslash$Areva\_thesis$\backslash$1-Bibliography$\backslash$1-Classified$\backslash$Cox\_2005\_Some thoughts on the mechanisms of in-reactor corrosion of zirconium alloys.pdf},
volume = {336},
year = {2005}
}
@book{Morrison1980,
address = {New York},
author = {Morrison, S R},
keywords = {1st Year Report,Electrochemistry,Iph,PEC,Photoelectrochemistry},
mendeley-tags = {1st Year Report,Electrochemistry,Iph,PEC,Photoelectrochemistry},
publisher = {Plenum Press},
title = {{Electrochemistry at Semiconductor and Oxidized Metal Electrodes}},
year = {1980}
}
@incollection{Adamson2007,
author = {Adamson, R and Garzarolli, F and Cox, B and Strasser, A and Rudling, P},
booktitle = {ZIRAT-12 SPECIAL TOPIC REPORT},
file = {:C$\backslash$:/Users/Milan Skocic/Documents/Mendeley Desktop/Adamson et al. - 2007 - Corrosion Mechanisms in Zirconium Alloys.pdf:pdf},
keywords = {Corrosion,Shadow Corrosion,Zr Alloys},
mendeley-tags = {Corrosion,Shadow Corrosion,Zr Alloys},
publisher = {Advanced Nuclear Technology International},
title = {{Corrosion Mechanisms in Zirconium Alloys}},
url = {http://www.antinternational.com/fileadmin/Products\_and\_handbooks/Zirat/First\_chapter\_-\_\_ZIRAT12\_STR\_\_Corrosion\_Mechanisms.pdf C:$\backslash$Users$\backslash$Milan Skocic$\backslash$Documents$\backslash$Areva\_thesis$\backslash$1-Bibliography$\backslash$1-Classified$\backslash$Adamson\_2007\_Corrosion mechanisms in Zr alloys.pdf},
year = {2007}
}
@article{Vermoyal2002,
abstract = {Oxide films formed by water oxidation at 360°C on ZrNb(1\%)O(0.13\%) for several durations (50–300 days) were studied by impedance spectroscopy (IS) in gaseous atmosphere. The electrical behavior of oxide layers was investigated as a function of the temperature (25–300°C) at constant oxygen partial pressure (0.3 Pa). Cole–Cole diagrams suggest a frequency–temperature equivalence. A simple electrical model has been derived from the as-deduced 14 decade master curve. Equivalent circuit includes a series association of two layers exhibiting different dielectric properties: a dense layer near the oxide–metal interface and a porous layer at the waterside. Electronic conductivity is predominant within the whole temperature range, but ionic contribution was proposed to increase for temperature higher than 170°C. During the parabolic oxidation step, the oxide thickness of the barrier layer increases but oxide growth would not be only a geometrical one. The kinetic modification to a constant oxidation rate was observed to be correlated to the increase of the dense layer thickness. Such a behavior suggests that the mechanism controlling oxidation rate is not a pure mechanism of oxygen diffusion through this layer. Finally, a qualitative model of activated electrons transport based on an hopping mechanism was proposed in order to take into account that the Arrhenius diagrams of both total conductivity and dispersion factor are characterized by a break point with two activation energy values.},
author = {Vermoyal, J.J and Hammou, A and Dessemond, L and Frichet, A},
doi = {10.1016/S0013-4686(02)00133-0},
file = {:C$\backslash$:/Users/Milan Skocic/Documents/Mendeley Desktop/Vermoyal et al. - 2002 - Electrical characterization of waterside corrosion films formed on ZrNb(1\%)O(0.13\%).pdf:pdf},
issn = {00134686},
journal = {Electrochimica Acta},
keywords = {Corrosion,Dielectric dispersion,Frequency–temperature equivalence,Impedance spectroscopy,Kinetics,Oxidation,Zirconium alloys,Zr Alloys},
mendeley-tags = {Corrosion,Kinetics,Zr Alloys},
month = jul,
number = {17},
pages = {2679--2695},
title = {{Electrical characterization of waterside corrosion films formed on ZrNb(1\%)O(0.13\%)}},
url = {http://www.sciencedirect.com/science/article/pii/S0013468602001330},
volume = {47},
year = {2002}
}
@article{Fujishima1972,
author = {Fujishima, Akira and Honda, Kenichi},
doi = {10.1038/238037a0},
file = {:C$\backslash$:/Users/Milan Skocic/Documents/Mendeley Desktop/Fujishima, Honda - 1972 - Electrochemical Photolysis of Water at a Semiconductor Electrode.pdf:pdf},
isbn = {0028-0836},
issn = {0028-0836},
journal = {Nature},
keywords = {Photoelectrochemistry},
mendeley-tags = {Photoelectrochemistry},
month = jul,
number = {5358},
pages = {37--38},
pmid = {12635268},
title = {{Electrochemical Photolysis of Water at a Semiconductor Electrode}},
url = {http://www.nature.com/doifinder/10.1038/238037a0},
volume = {238},
year = {1972}
}
@phdthesis{Saffre2011,
author = {Saffr\'{e}, D},
file = {:C$\backslash$:/Users/Milan Skocic/Documents/Mendeley Desktop/Saffr\'{e} - 2011 - Radiolyse de l’eau dans des conditions extr\^{e}mes de temp\'{e}rature et de TEL. Capture de HO• par les ions Br-.pdf:pdf},
keywords = {1st Year Report,Thesis,Water Chemistry},
mendeley-tags = {1st Year Report,Thesis,Water Chemistry},
school = {Universit\'{e} Paris-Sud},
title = {{Radiolyse de l’eau dans des conditions extr\^{e}mes de temp\'{e}rature et de TEL. Capture de HO• par les ions Br-.}},
url = {C:$\backslash$Users$\backslash$Milan Skocic$\backslash$Documents$\backslash$Areva\_thesis$\backslash$1-Bibliography$\backslash$1-Classified$\backslash$Saffre\_2011\_radiolyse de eau.pdf},
year = {2011}
}
@book{Sato1998,
author = {Sato, Norio},
edition = {1},
keywords = {Iph,Photoelectrochemistry},
mendeley-tags = {Iph,Photoelectrochemistry},
pages = {412},
publisher = {Elsevier Science},
title = {{Electrochemistry at Metal and Semiconductors Electrodes}},
year = {1998}
}
@incollection{Andersson2002,
author = {Andersson, B and Limb\"{a}ck, M and Wikmark, G and Hauso, E and T.Johnsen and Ballinger, R G and Nystrand, A C},
booktitle = {Zirconium in the Nuclear Industry: Thirtheenth International Symposium},
file = {:C$\backslash$:/Users/Milan Skocic/Documents/Mendeley Desktop/Andersson et al. - 2002 - Test Reactor Studies of the Shadow Corrosion Phenomenon.PDF:PDF},
keywords = {1st Year Report,ASTM,Corrosion,Inconel,Shadow Corrosion,Zircaloy-2,Zr Alloys,adjacent effects,beta-particles,electric field,enhanced corrosion,fuel channel,in-reactor corrosion,oxidation,shadow phenomena,stainless steel,zirconium alloys},
mendeley-tags = {1st Year Report,ASTM,Corrosion,Shadow Corrosion,Zr Alloys},
publisher = {ASTM International},
title = {{Test Reactor Studies of the Shadow Corrosion Phenomenon}},
url = {http://www.astm.org/DIGITAL\_LIBRARY/STP/PAGES/STP11407S.htm C:$\backslash$Users$\backslash$Milan Skocic$\backslash$Documents$\backslash$Areva\_thesis$\backslash$1-Bibliography$\backslash$1-Classified$\backslash$Andersson\_2002\_Test reactor studies of the shadow corrosion phenomenon.PDF},
year = {2002}
}
@article{Lagarias1998,
author = {Lagarias, Jeffrey C. and Reeds, James a. and Wright, Margaret H. and Wright, Paul E.},
doi = {10.1137/S1052623496303470},
file = {:C$\backslash$:/Users/Milan Skocic/Documents/Mendeley Desktop/Lagarias et al. - 1998 - Convergence Properties of the Nelder--Mead Simplex Method in Low Dimensions.pdf:pdf},
isbn = {10526234},
issn = {1052-6234},
journal = {SIAM Journal on Optimization},
keywords = {Minimization,Numerical Analysis},
mendeley-tags = {Minimization,Numerical Analysis},
month = jan,
number = {1},
pages = {112--147},
pmid = {2906},
title = {{Convergence Properties of the Nelder--Mead Simplex Method in Low Dimensions}},
url = {http://epubs.siam.org/doi/abs/10.1137/S1052623496303470},
volume = {9},
year = {1998}
}
@article{Sundell2012,
abstract = {Atom probe tomography has been used to study for the first time the metal–oxide interface region in Zircaloy-2. Segregation of Fe and Ni to both deformation-induced sub-grain boundaries in the metal and planar features in the oxide has been found. Apparently, the oxide inherits the chemistry of the sub-grain boundaries as the material oxidizes, which may have implications for the waterside corrosion kinetics of the alloy.},
author = {Sundell, G. and Thuvander, M. and Andr\'{e}n, H.-O.},
doi = {10.1016/j.corsci.2012.08.061},
file = {:C$\backslash$:/Users/Milan Skocic/Documents/Mendeley Desktop/Sundell, Thuvander, Andr\'{e}n - 2012 - Enrichment of Fe and Ni at metal and oxide grain boundaries in corroded Zircaloy-2.pdf:pdf},
issn = {0010938X},
journal = {Corrosion Science},
keywords = {Atom probe,Corrosion,Fe Effect,Grain boundary segregation,Ni Effect,Zircaloy-2,Zr Alloys},
mendeley-tags = {Corrosion,Fe Effect,Ni Effect,Zr Alloys},
month = dec,
pages = {10--12},
title = {{Enrichment of Fe and Ni at metal and oxide grain boundaries in corroded Zircaloy-2}},
url = {http://www.sciencedirect.com/science/article/pii/S0010938X12004246},
volume = {65},
year = {2012}
}
@book{Bevington2003,
abstract = {Data Reduction and error Analysis},
address = {New York},
author = {Bevington, Philip R. and Robinson, D. Keith},
edition = {3},
file = {:C$\backslash$:/Users/Milan Skocic/Documents/Mendeley Desktop/Bevington, Robinson - 2003 - Data Reduction and Error Analysis for Physical Sciences.pdf:pdf},
isbn = {0-07-247227-8},
keywords = {Statistics},
mendeley-tags = {Statistics},
publisher = {McGraw Hill},
title = {{Data Reduction and Error Analysis for Physical Sciences}},
year = {2003}
}
@article{Bererd2005,
author = {B\'{e}rerd, N. and Chevarier, A. and Moncoffre, N. and Jaffre\'{e}zic, H. and Balanzat, E. and Catalette, H.},
doi = {10.1063/1.1862313},
file = {:C$\backslash$:/Users/Milan Skocic/Documents/Mendeley Desktop/B\'{e}rerd et al. - 2005 - Zirconium oxidation under high-energy heavy-ion irradiation.pdf:pdf},
isbn = {0021-8979},
issn = {00218979},
journal = {Journal of Applied Physics},
keywords = {Corrosion,Zr Alloys},
mendeley-tags = {Corrosion,Zr Alloys},
number = {8},
pages = {083528},
title = {{Zirconium oxidation under high-energy heavy-ion irradiation}},
url = {http://scitation.aip.org/content/aip/journal/jap/97/8/10.1063/1.1862313},
volume = {97},
year = {2005}
}
@misc{USNRC2013,
author = {USNRC},
keywords = {1st Year Report},
mendeley-tags = {1st Year Report},
title = {{Power Reactors}},
url = {http://www.nrc.gov/reactors/power.html},
year = {2013}
}
@article{Stimming1986,
author = {Stimming, Ulrich},
file = {:C$\backslash$:/Users/Milan Skocic/Documents/Mendeley Desktop/Stimming - 1986 - Photoelectrochemical studies of passive films.pdf:pdf},
journal = {Electrochimica Acta},
keywords = {1st Year Report,PEC},
mendeley-tags = {1st Year Report,PEC},
number = {4},
pages = {415--429},
title = {{Photoelectrochemical studies of passive films}},
url = {http://www.sciencedirect.com/science/article/pii/0013468686801049 C:$\backslash$Users$\backslash$Milan Skocic$\backslash$Documents$\backslash$Areva\_thesis$\backslash$1-Bibliography$\backslash$1-Classified$\backslash$Stimming\_1986\_Photoelectrochemical studies of passive films.pdf},
volume = {31},
year = {1986}
}
@book{Roberge1999,
address = {Hightstown, N.J},
author = {Roberge, P;},
file = {:C$\backslash$:/Users/Milan Skocic/Documents/Mendeley Desktop//Roberge - 1999 - Handbook of Corrosion Engineering.pdf:pdf},
keywords = {3A,Corrosion,Electrochemistry},
mendeley-tags = {3A,Corrosion,Electrochemistry},
pages = {1126},
publisher = {McGraw Hill},
title = {{Handbook of Corrosion Engineering}},
year = {1999}
}
@phdthesis{Buttin2011,
author = {Buttin, P},
file = {:C$\backslash$:/Users/Milan Skocic/Documents/Mendeley Desktop/Buttin - 2011 - Mod\'{e}lisation de la corrosion des alliages de zirconium par l’eau application aux \'{e}l\'{e}ments de combustible nucl\'{e}aire.pdf:pdf},
keywords = {1st Year Report,Corrosion,Shadow Corrosion,Thesis,Zr Alloys,couplage galvanique,mod\'{e}lisation,oxydation,shadow corrosion,zirconium},
mendeley-tags = {1st Year Report,Corrosion,Shadow Corrosion,Thesis,Zr Alloys},
publisher = {Universit\'{e} de Grenoble},
title = {{Mod\'{e}lisation de la corrosion des alliages de zirconium par l’eau : application aux \'{e}l\'{e}ments de combustible nucl\'{e}aire}},
url = {http://tel.archives-ouvertes.fr/docs/00/64/72/92/PDF/23452\_BUTTIN\_2011\_archivage\_1\_.pdf C:$\backslash$Users$\backslash$Milan Skocic$\backslash$Documents$\backslash$Areva\_thesis$\backslash$1-Bibliography$\backslash$1-Classified$\backslash$Buttin\_2011\_modelisation\_corrosion\_alliage\_de\_zirconium.pdf},
year = {2011}
}
@article{Brossmann1999,
author = {Brossmann, Ulrich and Würschum, Roland and Södervall, Ulf and Schaefer, Hans-Eckhardt},
doi = {10.1063/1.370567},
file = {:C$\backslash$:/Users/Milan Skocic/Documents/Mendeley Desktop/Brossmann et al. - 1999 - Oxygen diffusion in ultrafine grained monoclinic ZrO2.pdf:pdf},
issn = {00218979},
journal = {Journal of Applied Physics},
keywords = {Corrosion,Zirconia Properties,Zr Alloys},
mendeley-tags = {Corrosion,Zirconia Properties,Zr Alloys},
number = {11},
pages = {7646},
title = {{Oxygen diffusion in ultrafine grained monoclinic ZrO2}},
url = {http://link.aip.org/link/?JAP/85/7646/1 http://scitation.aip.org/content/aip/journal/jap/85/11/10.1063/1.370567},
volume = {85},
year = {1999}
}
@incollection{Adamson2002,
author = {Adamson, R and Cox, B and Garzarolli, F and Strasser, A and Rudling, P and Wikmark, G},
booktitle = {ZIRAT-7 SPECIAL TOPICS REPORT},
file = {:C$\backslash$:/Users/Milan Skocic/Documents/Mendeley Desktop/Adamson et al. - 2002 - Corrosion of Zirconium Alloys.pdf:pdf},
keywords = {1st Year Report,ANT,Corrosion,Zr Alloys},
mendeley-tags = {1st Year Report,ANT,Corrosion,Zr Alloys},
publisher = {Advanced Nuclear Technology International},
title = {{Corrosion of Zirconium Alloys}},
url = {http://www.antinternational.com/fileadmin/Products\_and\_handbooks/Zirat/Zirat7\_Str\_Dimensional\_Stability\_Sample.pdf C:$\backslash$Users$\backslash$Milan Skocic$\backslash$Documents$\backslash$Areva\_thesis$\backslash$1-Bibliography$\backslash$1-Classified$\backslash$Adamson\_2002\_Corrosion of Zr alloys.pdf},
year = {2002}
}
@article{Barberis2005,
author = {Barberis, P and Dupin, N and Pasturel, A and Grange, J M},
journal = {Journal of AS},
keywords = {1st Year Report,Corrosion,SPP,Zr Alloys},
mendeley-tags = {1st Year Report,Corrosion,SPP,Zr Alloys},
number = {5},
pages = {129--156},
title = {{Microstructure and Phase Control in Zr-Fe-Cr-Ni Alloys: Thermodynamic and Kinetic Aspects}},
url = {http://www.astm.org/DIGITAL\_LIBRARY/JOURNALS/JAI/PAGES/JAI12771.htm},
volume = {2},
year = {2005}
}
@article{Boschloo2001,
author = {Boschloo, Gerrit and Hagfeldt, Anders},
doi = {10.1021/jp003499s},
file = {:C$\backslash$:/Users/Milan Skocic/Documents/Mendeley Desktop/Boschloo, Hagfeldt - 2001 - Spectroelectrochemistry of Nanostructured NiO.pdf:pdf},
isbn = {1520-6106},
issn = {1520-6106},
journal = {The Journal of Physical Chemistry B},
keywords = {Photoelectrochemistry},
mendeley-tags = {Photoelectrochemistry},
month = apr,
number = {15},
pages = {3039--3044},
title = {{Spectroelectrochemistry of Nanostructured NiO}},
url = {http://pubs.acs.org/doi/abs/10.1021/jp003499s},
volume = {105},
year = {2001}
}
@article{Franks2007,
abstract = {The interaction of water and the alumina surface is comprehensively reviewed. Water can be incorporated in the alumina crystal structure resulting in the formation of aluminum hydroxides such as gibbsite. Alumina dissolves into water to an extent that depends primarily upon the solution pH and temperature. The soluble Al (III)aq species (hydrolysis products) likewise depend upon the solution pH, temperature, aluminum, and other salt concentrations. The development of charge on the surface of alumina is controlled by amphoteric surface ionization reactions. The charging behavior of both alumina powders and single crystal faces is compared. The differences can be explained by the reactivities of different types of surface hydroxyl groups. The substantial difference in surface charging behavior of single crystal sapphire and alumina powders indicates that experiments and modeling conducted on single crystals is of limited use in predicting suspension behavior. The atomic scale structure of the hydroxylated sapphire (0001) basal plane is nearly identical to the gibbsite (001) basal plane. The observed surface structures are consistent with the charging behavior of the surfaces. The role of surface charge on the adsorption of processing additives is briefly discussed. How surface charge and processing additives at the alumina aqueous solution interface influence surface forces between particles is reviewed. The influence of these forces on suspension properties such as rheological behavior is outlined. The importance of controlling these behaviors to improve colloidal ceramic powder processing is stressed.},
author = {Franks, G V and Gan, Y},
file = {:C$\backslash$:/Users/Milan Skocic/Documents/Mendeley Desktop/Franks, Gan - 2007 - Charging Behavior at the Alumina–Water Interface and Implications for Ceramic Processing.pdf:pdf},
journal = {Journal of the American Ceramic Society},
keywords = {1st Year Report,Sapphire Properties},
mendeley-tags = {1st Year Report,Sapphire Properties},
pages = {3373--3388},
title = {{Charging Behavior at the Alumina–Water Interface and Implications for Ceramic Processing}},
url = {http://dx.doi.org/10.1111/j.1551-2916.2007.02013.x C:$\backslash$Users$\backslash$Milan Skocic$\backslash$Documents$\backslash$Areva\_thesis$\backslash$1-Bibliography$\backslash$1-Classified$\backslash$Franks\_2007\_Charging behavior at the Alumina-Water Interface and Implications for Ceramic Processing.pdf},
volume = {90},
year = {2007}
}
@book{Pishchik2009,
address = {New York},
author = {Pishchik, Valerian and Lytvynov, Leonid A and Dobrovinskaya, Elena R},
file = {:C$\backslash$:/Users/Milan Skocic/Documents/Mendeley Desktop/Pishchik, Lytvynov, Dobrovinskaya - 2009 - Sapphire Material, Manufacturing, Applications.pdf:pdf},
keywords = {1st Year Report,Sapphire Properties},
mendeley-tags = {1st Year Report,Sapphire Properties},
publisher = {Springer US},
title = {{Sapphire: Material, Manufacturing, Applications}},
url = {http://link.springer.com/book/10.1007/978-0-387-85695-7/page/1 C:$\backslash$Users$\backslash$Milan Skocic$\backslash$Documents$\backslash$Areva\_thesis$\backslash$1-Bibliography$\backslash$1-Classified$\backslash$Dobrovinskaya\_2009\_Sapphire Material Manufacturing and Applications.pdf},
year = {2009}
}
@techreport{Perche2015,
author = {Perche, Delphine},
institution = {Areva Centre Technique Le Creusot},
keywords = {Protocoles},
mendeley-tags = {Protocoles},
title = {{Protocole de pes\'{e}e}},
year = {2015}
}
@techreport{IAEA1993,
file = {:C$\backslash$:/Users/Milan Skocic/Documents/Mendeley Desktop/Unknown - 1993 - Corrosion of zirconium alloys in nuclear power plants.pdf:pdf},
institution = {IAEA},
keywords = {Corrosion,IAEA,Zr Alloys},
mendeley-tags = {Corrosion,IAEA,Zr Alloys},
title = {{Corrosion of zirconium alloys in nuclear power plants}},
url = {http://www-pub.iaea.org/MTCD/Publications/PDF/te\_684\_web.pdf C:$\backslash$Users$\backslash$Milan Skocic$\backslash$Documents$\backslash$Areva\_thesis$\backslash$1-Bibliography$\backslash$1-Classified$\backslash$IAEA-TECDOC-684\_1993\_Corrosion of Zirconium alloys in nuclear power plants.pdf},
year = {1993}
}
@book{Lide2003,
address = {Boca Raton, FL},
author = {Lide, D R},
editor = {Lide, D R},
file = {:C$\backslash$:/Users/Milan Skocic/Documents/Mendeley Desktop/Lide - 2003 - CRC Handbook of Chemistry and Physics, 84th Edition.pdf:pdf},
keywords = {1st Year Report},
mendeley-tags = {1st Year Report},
publisher = {CRC Press},
title = {{CRC Handbook of Chemistry and Physics, 84th Edition}},
url = {http://books.google.fr/books?id=kTnxSi2B2FcC C:$\backslash$Users$\backslash$Milan Skocic$\backslash$Documents$\backslash$Areva\_thesis$\backslash$1-Bibliography$\backslash$1-Classified$\backslash$Handbook of Chemistry and Physics-84th Ed.pdf},
year = {2003}
}
@book{Perez2004,
address = {Boston},
author = {Perez, Nestor},
file = {:C$\backslash$:/Users/Milan Skocic/Documents/Mendeley Desktop/Perez - 2004 - Electrochemistry and Corrosion Science.pdf:pdf},
isbn = {1402078609},
keywords = {Corrosion,Electrochemistry},
mendeley-tags = {Corrosion,Electrochemistry},
pages = {362},
publisher = {Kluwer Academic Publishers},
title = {{Electrochemistry and Corrosion Science}},
year = {2004}
}
@incollection{Johnson1974,
author = {Johnson, A B and Surf, J E Le and Proebstle, R A},
booktitle = {Zirconium in Nuclear Application},
keywords = {1st Year Report,ASTM,Corrosion,Shadow Corrosion,Zr Alloys},
mendeley-tags = {1st Year Report,ASTM,Corrosion,Shadow Corrosion,Zr Alloys},
publisher = {ASTM International},
title = {{Study of the Zr Alloy Corrosion Parameters in the ATR}},
url = {http://www.astm.org/DIGITAL\_LIBRARY/STP/PAGES/STP32136S.htm},
year = {1974}
}
@article{Gabrielli2015,
author = {Gabrielli, Claude and Takenouti, Hisasi},
file = {:C$\backslash$:/Users/Milan Skocic/Documents/Mendeley Desktop/Gabrielli, Takenouti - 2015 - M\'{e}thodes \'{e}lectrochimiques appliqu\'{e}es \`{a} la corrosion Techniques dynamiques.pdf:pdf},
journal = {Techniques de l'ing\'{e}nieur Essais et expertise \`{a} la corrosion Techniques dynamiques},
keywords = {Corrosion,Electrochemistry},
mendeley-tags = {Corrosion,Electrochemistry},
number = {cor811},
title = {{M\'{e}thodes \'{e}lectrochimiques appliqu\'{e}es \`{a} la corrosion Techniques dynamiques}},
volume = {TIB499DUO},
year = {2015}
}
@article{Takahashi2006,
abstract = {The microalloying effects of 4d and 5d transition metals, M (M: Nb, Mo, Ta, W) on the photoelectrochemical properties, the flatbandpotential (Ufb) and the band gap energy (Eg), for zirconium oxide films were investigated by photoelectrochemical measurements and band calculation. Button ingots of zirconium–5 mol\% M (M: Nb, Mo, Ta, W) were made from high-purity metals (99.9\% purity) by arc melting in a purified argon atmosphere. These plate specimens were sealed into silica tubes in vacuum, and then homogenized at 1273 K for 24 h. Subsequently, these specimens were oxidized up to 1173 K. The photocurrent of each specimen was evaluated at room temperature under the irradiation of Xe lamp (500 W) through grating monochrometer and cut-off filter. 0.1 M Na2SO4 solution was used as the electrolyte. The value of the flatbandpotential was higher and the value of the band gap energy was smaller than that of pure zirconium oxide film in all sample. It was found from the calculation by CASTEP code that the decreases in band gap energy of these oxide films was due to formation of 4d or 5d orbital of transition metals.},
author = {Takahashi, Kazuo and Uno, Masayoshi and Okui, Mihoko and Yamanaka, Shinsuke},
file = {:C$\backslash$:/Users/Milan Skocic/Documents/Mendeley Desktop/Takahashi et al. - 2006 - Photoelectrochemical properties and band structure of oxide films on zirconium–transition metal alloys.pdf:pdf},
journal = {Journal of Alloys and Compounds},
keywords = {1st Year Report,Band structure,Iph,PEC,Photoelectrochemical,Zirconium oxide,Zr Alloys},
mendeley-tags = {1st Year Report,Iph,PEC,Zr Alloys},
number = {1-2},
pages = {303--308},
title = {{Photoelectrochemical properties and band structure of oxide films on zirconium–transition metal alloys}},
url = {http://www.sciencedirect.com/science/article/pii/S0925838805017603 C:$\backslash$Users$\backslash$Milan Skocic$\backslash$Documents$\backslash$Areva\_thesis$\backslash$1-Bibliography$\backslash$1-Classified$\backslash$Takahashi\_2006\_Photoelectrochemical properties and band structure of oxide films on Zr-transition metal alloys.pdf},
volume = {421},
year = {2006}
}
@phdthesis{Trupin-Wasselin2000,
author = {Trupin-Wasselin, V},
file = {:C$\backslash$:/Users/Milan Skocic/Documents/Mendeley Desktop/Trupin-Wasselin - 2000 - Processus primaires en chimie sous rayonnement Influence du Transfert d'Energie Lin\'{e}ique sur la radiolyse de l'.pdf:pdf},
keywords = {Thesis,Water Chemistry},
mendeley-tags = {Thesis,Water Chemistry},
school = {Universit\'{e} de Paris-Sud},
title = {{Processus primaires en chimie sous rayonnement Influence du Transfert d'Energie Lin\'{e}ique sur la radiolyse de l'eau}},
url = {C:$\backslash$Users$\backslash$Milan Skocic$\backslash$Documents$\backslash$Areva\_thesis$\backslash$1-Bibliography$\backslash$1-Classified$\backslash$Trupin\_Wasselin\_2000\_Processus primaires en chimie sous rayonnement Influence du Transfert d'Energie Lin?ique sur la radiolyse de l'eau.pdf},
year = {2000}
}
@incollection{Garzarolli2011,
author = {Garzarolli, F and Adamson, R and Rudling, P and Strasser, A},
booktitle = {IZNA-11 SPECIAL TOPIC REPORT},
file = {:C$\backslash$:/Users/Milan Skocic/Documents/Mendeley Desktop/Garzarolli et al. - 2011 - BWR Fuel Channel Distortion.pdf:pdf},
keywords = {1st Year Report,ANT},
mendeley-tags = {1st Year Report,ANT},
publisher = {Advanced Nuclear Technology International},
title = {{BWR Fuel Channel Distortion}},
url = {https://www.antinternational.com/fileadmin/Products\_and\_handbooks/Anim\_PDFs/IZNA/11/str-1/files/assets/downloads/publication.pdf C:$\backslash$Users$\backslash$Milan Skocic$\backslash$Documents$\backslash$Areva\_thesis$\backslash$1-Bibliography$\backslash$1-Classified$\backslash$Garzarolli\_2011-BWR Fuel Channel Distortion.pdf},
year = {2011}
}
@incollection{Gerischer1985,
address = {Dordrecht},
author = {Gerischer, H},
booktitle = {Photoelectrochemistry, Photocatalysis and Photoreactor},
chapter = {1},
editor = {Schiavello, Mario},
keywords = {Photoelectrochemistry},
mendeley-tags = {Photoelectrochemistry},
pages = {39--106},
publisher = {D. Reidel Publishing Company},
title = {{Semiconductor electrodes and their interaction with light}},
year = {1985}
}
@article{Cox1969,
author = {Cox, B.},
doi = {10.1016/0022-3115(69)90043-9},
file = {:C$\backslash$:/Users/Milan Skocic/Documents/Mendeley Desktop/Cox - 1969 - Rate controlling processes during the pre-transition oxidation of zirconium alloys.pdf:pdf},
issn = {00223115},
journal = {Journal of Nuclear Materials},
keywords = {Corrosion,Electrochemistry,Zr Alloys},
mendeley-tags = {Corrosion,Electrochemistry,Zr Alloys},
month = may,
number = {1},
pages = {48--66},
title = {{Rate controlling processes during the pre-transition oxidation of zirconium alloys}},
url = {http://www.sciencedirect.com/science/article/pii/0022311569900439 http://linkinghub.elsevier.com/retrieve/pii/0022311569900439},
volume = {31},
year = {1969}
}
@phdthesis{Dali2007,
author = {Dali, Y},
file = {:C$\backslash$:/Users/Milan Skocic/Documents/Mendeley Desktop/Dali - 2007 - Etude exp\'{e}rimentale de l’oxydation des alliages de zirconium \`{a} haute pression de vapeur d’eau et mod\'{e}lisation des m\'{e}canism.pdf:pdf},
keywords = {Corrosion,Thesis,Zr Alloys},
mendeley-tags = {Corrosion,Thesis,Zr Alloys},
school = {Ecole Nationale Sup\'{e}rieure des Mines},
title = {{Etude exp\'{e}rimentale de l’oxydation des alliages de zirconium \`{a} haute pression de vapeur d’eau et mod\'{e}lisation des m\'{e}canismes}},
url = {http://tel.archives-ouvertes.fr/docs/00/34/17/47/PDF/Y-Dali-071122.pdf C:$\backslash$Users$\backslash$Milan Skocic$\backslash$Documents$\backslash$Areva\_thesis$\backslash$1-Bibliography$\backslash$1-Classified$\backslash$Dali\_2007\_Yakub\_Etude exp�rimentale de l?oxydation des alliages de zirconium � haute .pdf},
year = {2007}
}
@article{Kim2010,
author = {Kim, Y.-J. and Rebak, R and Lin, Y.-P. and Lutz, D and Crawford, D and Kucuk, A and Cheng, B},
file = {:C$\backslash$:/Users/Milan Skocic/Documents/Mendeley Desktop/Kim et al. - 2010 - Photoelectrochemical Investigation of Radiation-Enhanced Shadow Corrosion Phenomenon.pdf:pdf},
journal = {Journal of ASTM International},
keywords = {1st Year Report,Corrosion,ECP,Shadow Corrosion,Zr Alloys,Zr alloys,galvanic corrosion,impedance,photoelectrochemistry,shadow corrosion},
mendeley-tags = {1st Year Report,Corrosion,Shadow Corrosion,Zr Alloys},
pages = {18},
title = {{Photoelectrochemical Investigation of Radiation-Enhanced Shadow Corrosion Phenomenon}},
url = {http://www.astm.org/DIGITAL\_LIBRARY/JOURNALS/JAI/PAGES/JAI102952.htm C:$\backslash$Users$\backslash$Milan Skocic$\backslash$Documents$\backslash$Areva\_thesis$\backslash$1-Bibliography$\backslash$1-Classified$\backslash$Kim\_2010\_Symposium\_Zr\_Nuclear\_Industry\_Photoeletrochemical Investigation of Radiation Enhanced Shadow Corrosion P},
volume = {7},
year = {2010}
}
@phdthesis{Marchetti2006,
author = {Marchetti, Lo\"{\i}c},
file = {:C$\backslash$:/Users/Milan Skocic/Documents/Mendeley Desktop/Marchetti - 2006 - Corrosion g\'{e}n\'{e}ralis\'{e}e des alliages \`{a} base nickel en milieu acqueux \`{a} haute temp\'{e}rature apport \`{a} la compr\'{e}hension des.pdf:pdf},
keywords = {Corrosion,Ni Alloys},
mendeley-tags = {Corrosion,Ni Alloys},
school = {Ecole Nationale Sup\'{e}rieure des Mines de Saint-Etienne},
title = {{Corrosion g\'{e}n\'{e}ralis\'{e}e des alliages \`{a} base nickel en milieu acqueux \`{a} haute temp\'{e}rature: apport \`{a} la compr\'{e}hension des m\'{e}canismes.}},
year = {2006}
}
@book{Plieth2008,
address = {Amsterdam},
author = {Plieth, W.},
file = {:C$\backslash$:/Users/Milan Skocic/Documents/Mendeley Desktop/Plieth - 2008 - Electrochemistry for Materials Science.pdf:pdf},
keywords = {Electrochemistry},
mendeley-tags = {Electrochemistry},
publisher = {Elsevier},
title = {{Electrochemistry for Materials Science}},
year = {2008}
}
@article{Millman2011,
author = {Millman, K. Jarrod and Aivazis, Michael},
doi = {10.1109/MCSE.2011.36},
file = {:C$\backslash$:/Users/Milan Skocic/Documents/Mendeley Desktop/Millman, Aivazis - 2011 - Python for Scientists and Engineers.pdf:pdf},
issn = {1521-9615},
journal = {Computing in Science \& Engineering},
keywords = {Computing,Numerical Analysis,Python},
mendeley-tags = {Computing,Numerical Analysis,Python},
month = mar,
number = {2},
pages = {9--12},
title = {{Python for Scientists and Engineers}},
url = {http://ieeexplore.ieee.org/lpdocs/epic03/wrapper.htm?arnumber=5725235},
volume = {13},
year = {2011}
}
@article{Bojinov2002,
author = {Bojinov, M and Kinnunen, P and Laitinen, T and M\"{a}kel\"{a}, K and Saario, T and Sirki\"{a}, P},
file = {:C$\backslash$:/Users/Milan Skocic/Documents/Mendeley Desktop/Bojinov et al. - 2002 - Photocurrent response of the passive film on iron in a high-temperature aqueous electrolyte.pdf:pdf},
journal = {Electrochemistry Communications},
keywords = {1st Year Report,Electrochemistry,High-temperature aqueous electrolyte,Iph,PEC,Passive film,Photocurrent,Re-circulation loop},
mendeley-tags = {1st Year Report,Electrochemistry,Iph,PEC},
month = jan,
pages = {222--226},
title = {{Photocurrent response of the passive film on iron in a high-temperature aqueous electrolyte}},
url = {http://www.sciencedirect.com/science/article/pii/S1388248102002576 C:$\backslash$Users$\backslash$Milan Skocic$\backslash$Documents$\backslash$Areva\_thesis$\backslash$1-Bibliography$\backslash$1-Classified$\backslash$Bojinov\_2002\_photocurrent\_response\_of\_passive\_film\_on\_iron\_in\_aqueous\_electrolyte.pdf},
volume = {4},
year = {2002}
}
@article{Finklea1983,
author = {Finklea, Harry O.},
doi = {10.1021/ed060p325},
issn = {0021-9584},
journal = {Journal of Chemical Education},
keywords = {Photoelectrochemistry},
mendeley-tags = {Photoelectrochemistry},
month = apr,
number = {4},
pages = {325},
publisher = {American Chemical Society},
title = {{Photoelectrochemistry: Introductory concepts}},
url = {http://dx.doi.org/10.1021/ed060p325 http://pubs.acs.org/doi/abs/10.1021/ed060p325},
volume = {60},
year = {1983}
}
@book{Diard1996,
address = {Paris},
author = {Diard, Jean-Paul and {Le Gorrec}, Bernard and Montella, Claude},
isbn = {2 7056 6295 2},
keywords = {EIS,Electrochemistry,Kinetics},
mendeley-tags = {EIS,Electrochemistry,Kinetics},
pages = {1--373},
publisher = {Hermann},
title = {{Cin\'{e}tique \'{e}lectrochimique}},
year = {1996}
}
@article{Sunseri1995,
author = {Sunseri, C. and Piazza, S. and {Di Quarto}, F.},
isbn = {978-0-87849-692-1},
issn = {1662-9752},
journal = {Materials Science Forum},
keywords = {Photoelectrochemistry},
mendeley-tags = {Photoelectrochemistry},
pages = {435--446},
title = {{A Photoelectrochemical Study of Passivating Layers on Nickel}},
url = {http://www.scientific.net.gaelnomade.ujf-grenoble.fr/MSF.185-188.435},
volume = {185-188},
year = {1995}
}
@article{Tromans1998,
author = {Tromans, D},
file = {:C$\backslash$:/Users/Milan Skocic/Documents/Mendeley Desktop/Tromans - 1998 - Temperature and pressure dependent solubility of oxygen in water a thermodynamic analysis.pdf:pdf},
journal = {Hydrometallurgy},
keywords = {1st Year Report,Water Chemistry},
mendeley-tags = {1st Year Report,Water Chemistry},
month = may,
number = {3},
pages = {327--342},
title = {{Temperature and pressure dependent solubility of oxygen in water: a thermodynamic analysis}},
url = {http://dx.doi.org/10.1016/S0304-386X(98)00007-3 C:$\backslash$Users$\backslash$Milan Skocic$\backslash$Documents$\backslash$Areva\_thesis$\backslash$1-Bibliography$\backslash$1-Classified$\backslash$Tromans\_1998-Temperature and pressure dependent solubility of oxygen in water a thermodynamic analysis.pdf},
volume = {48},
year = {1998}
}
@article{Cox1968,
author = {Cox, B},
file = {:C$\backslash$:/Users/Milan Skocic/Documents/Mendeley Desktop/Cox - 1968 - Low temperature oxidation of Zircaloy-2 in water.pdf:pdf},
journal = {Journal of Nuclear Materials},
keywords = {Corrosion,Zr Alloys},
mendeley-tags = {Corrosion,Zr Alloys},
number = {3},
pages = {310--321},
title = {{Low temperature oxidation of Zircaloy-2 in water}},
url = {http://www.sciencedirect.com/science/article/pii/0022311568901761 C:$\backslash$Users$\backslash$Milan Skocic$\backslash$Documents$\backslash$Areva\_thesis$\backslash$1-Bibliography$\backslash$1-Classified$\backslash$Cox\_1968-Low temperature (less than 300C) oxidation of Zircaloy-2 in water.pdf},
volume = {25},
year = {1968}
}
@incollection{Cowan2011,
author = {Cowan, R and R\"{u}hle, W and Hettiarachchi, S},
booktitle = {LCC7 SPECIAL TOPIC REPORT},
file = {:C$\backslash$:/Users/Milan Skocic/Documents/Mendeley Desktop/Cowan, R\"{u}hle, Hettiarachchi - 2011 - Introduction to Boiling Water Reactor Chemistry.pdf:pdf},
keywords = {CRUD,Water Chemistry},
mendeley-tags = {CRUD,Water Chemistry},
publisher = {Advanced Nuclear Technology International},
title = {{Introduction to Boiling Water Reactor Chemistry}},
url = {https://www.google.fr/search?q=LCC7+SPECIAL+TOPIC+REPORT\&ie=utf-8\&oe=utf-8\&aq=t\&rls=org.mozilla:en-US:official\&client=firefox-a C:$\backslash$Users$\backslash$Milan Skocic$\backslash$Documents$\backslash$Areva\_thesis$\backslash$1-Bibliography$\backslash$1-Classified$\backslash$Cowan\_2011\_Introduction to BWR chemistry.pdf},
year = {2011}
}
@article{Sennour2010,
author = {Sennour, Mohamed and Marchetti, Lo\"{\i}c and Martin, Frantz and Perrin, St\'{e}phane and Molins, R\'{e}gine and Pijolat, Mich\`{e}le},
doi = {10.1016/j.jnucmat.2010.05.010},
file = {:C$\backslash$:/Users/Milan Skocic/Documents/Mendeley Desktop/Sennour et al. - 2010 - A detailed TEM and SEM study of Ni-base alloys oxide scales formed in primary conditions of pressurized water re.pdf:pdf},
issn = {00223115},
journal = {Journal of Nuclear Materials},
keywords = {Corrosion,Ni Alloys},
mendeley-tags = {Corrosion,Ni Alloys},
month = jul,
number = {2-3},
pages = {147--156},
publisher = {Elsevier B.V.},
title = {{A detailed TEM and SEM study of Ni-base alloys oxide scales formed in primary conditions of pressurized water reactor}},
url = {http://dx.doi.org/10.1016/j.jnucmat.2010.05.010 http://linkinghub.elsevier.com/retrieve/pii/S002231151000200X},
volume = {402},
year = {2010}
}
@book{Marcus2006,
address = {Boca Raton, FL},
author = {Marcus, P. and Mansfield, F},
keywords = {Corrosion},
mendeley-tags = {Corrosion},
publisher = {CRC Press},
title = {{Analytical Methods in Corrosion Science and Engineering}},
url = {http://www.nace.org/cstm/Store/Product.aspx?id=f8e9b807-c656-42ce-83c3-e34c5a3d8a54},
year = {2006}
}
@article{Hunter2007,
author = {Hunter, J D},
file = {:C$\backslash$:/Users/Milan Skocic/Documents/Mendeley Desktop/Hunter - 2007 - Matplotlib A 2D graphics environment.pdf:pdf},
journal = {Computing In Science and Engineering},
keywords = {Computing,Numerical Analysis,Python},
mendeley-tags = {Computing,Numerical Analysis,Python},
number = {3},
pages = {90--95},
title = {{Matplotlib: A 2D graphics environment}},
url = {http://link.aip.org/link/?CSX/9/90/1 C:$\backslash$Users$\backslash$Milan Skocic$\backslash$Documents$\backslash$Areva\_thesis$\backslash$1-Bibliography$\backslash$1-Classified$\backslash$Hunter\_2007-Matplotlib a 2D Graphics Environment.pdf},
volume = {9},
year = {2007}
}
@book{Memming2008,
address = {Weinheim},
author = {Memming, R},
file = {:C$\backslash$:/Users/Milan Skocic/Documents/Mendeley Desktop/Memming - 2008 - Semiconductor Electrochemistry.pdf:pdf},
keywords = {1st Year Report,Electrochemistry,PEC,Photoelectrochemistry},
mendeley-tags = {1st Year Report,Electrochemistry,PEC,Photoelectrochemistry},
publisher = {WILEY-VCH Verlag GmbH},
title = {{Semiconductor Electrochemistry}},
url = {http://www.aqr.ee/Memming/01\_SCE.pdf C:$\backslash$Users$\backslash$Milan Skocic$\backslash$Documents$\backslash$Areva\_thesis$\backslash$1-Bibliography$\backslash$1-Classified$\backslash$Memming\_2008-Semiconductor\_Electrochemistry.pdf},
year = {2008}
}
