
@book{Bard2002,
  title = {Fundamentals of {{Semiconductors Electrochemistry}} and {{Photoelectrochemistry}}},
  timestamp = {2015-10-17T21:52:14Z},
  publisher = {{Wiley-VCH}},
  author = {Bard, Allen J. and Stratmann, M.},
  date = {2002},
  file = {Attachment:C\:\\Users\\mskocic\\AppData\\Roaming\\Zotero\\Zotero\\Profiles\\milan.default\\zotero\\storage\\H6J4WC36\\Bard, Stratmann - 2002 - Fundamentals of Semiconductors Electrochemistry and Photoelectrochemistry.pdf:application/pdf;Attachment:C\:\\Users\\mskocic\\AppData\\Roaming\\Zotero\\Zotero\\Profiles\\milan.default\\zotero\\storage\\T6EJ24H4\\Bard, Stratmann - 2002 - Fundamentals of Semiconductors Electrochemistry and Photoelectrochemistry.pdf:application/pdf}
}

@report{Bischoff2012,
  title = {Shadow {{Corrosion}} and {{ESSC Review}}},
  url = {C:$\\backslash$Users$\\backslash$Milan\%0020Skocic$\\backslash$Documents$\\backslash$Areva_thesis$\\backslash$1-Bibliography$\\backslash$1-Classified$\\backslash$Bischoff_2012_Shadow\%0020Corrosion\%0020Review.pdf},
  timestamp = {2015-10-17T21:52:42Z},
  number = {FD1200866},
  institution = {{Areva}},
  author = {Bischoff, J},
  date = {2012},
  file = {Attachment:C\:\\Users\\mskocic\\AppData\\Roaming\\Zotero\\Zotero\\Profiles\\milan.default\\zotero\\storage\\B8SET57G\\Bischoff - 2012 - Shadow Corrosion and ESSC Review.pdf:application/pdf;Attachment:C\:\\Users\\mskocic\\AppData\\Roaming\\Zotero\\Zotero\\Profiles\\milan.default\\zotero\\storage\\TIF2B7C7\\Bischoff - 2012 - Shadow Corrosion and ESSC Review.pdf:application/pdf}
}

@book{Bard2001,
  location = {{New York}},
  edition = {2},
  title = {Electrochemical {{Methods}}: {{Fundamentals}} and {{Applications}}},
  timestamp = {2016-02-15T22:37:30Z},
  publisher = {{John Wiley \& Sons, Inc.}},
  author = {Bard, Allen J. and Faulkner, Larry R.},
  date = {2001},
  file = {Attachment:C\:\\Users\\mskocic\\AppData\\Roaming\\Zotero\\Zotero\\Profiles\\milan.default\\zotero\\storage\\6HC86D4H\\Bard, Faulkner - 2001 - Electrochemical Methods Fundamentals and Applications.pdf:application/pdf;Attachment:C\:\\Users\\mskocic\\AppData\\Roaming\\Zotero\\Zotero\\Profiles\\milan.default\\zotero\\storage\\JQZ363VR\\Bard, Faulkner - 2001 - Electrochemical Methods Fundamentals and Applications.pdf:application/pdf}
}

@article{Ramasubramanian2004,
  title = {Shadow {{Corrosion}}},
  volume = {328},
  url = {http://www.sciencedirect.com/science/article/pii/S0022311504004829\%0020C:$\\backslash$Users$\\backslash$Milan\%0020Skocic$\\backslash$Documents$\\backslash$Areva_thesis$\\backslash$1-Bibliography$\\backslash$1-Classified$\\backslash$Ramasubramanian_2004_Shadow\%0020Corrosion.pdf},
  timestamp = {2015-10-17T21:52:41Z},
  number = {2-3},
  journaltitle = {Journal of Nuclear Materials},
  author = {Ramasubramanian, N},
  date = {2004},
  pages = {249--252},
  file = {Attachment:C\:\\Users\\mskocic\\AppData\\Roaming\\Zotero\\Zotero\\Profiles\\milan.default\\zotero\\storage\\GHV8BFEH\\Ramasubramanian - 2004 - Shadow Corrosion.pdf:application/pdf;Attachment:C\:\\Users\\mskocic\\AppData\\Roaming\\Zotero\\Zotero\\Profiles\\milan.default\\zotero\\storage\\RKPATPUT\\Ramasubramanian - 2004 - Shadow Corrosion.pdf:application/pdf}
}

@article{Howlader1999,
  title = {In situ measurement of electrical conductivity of {{Zircaloy}} oxides and their formation mechanism under electron irradiation},
  volume = {265},
  url = {http://www.sciencedirect.com/science/article/pii/S0022311598006096\%0020C:$\\backslash$Users$\\backslash$Milan\%0020Skocic$\\backslash$Documents$\\backslash$Areva_thesis$\\backslash$1-Bibliography$\\backslash$1-Classified$\\backslash$Howlader_1999_Insitu\%0020measurements\%0020of\%0020electrical\%0020conductivity\%0020of\%0020Zircaloy\%0020oxides\%0020and\%0020their\%0020formation\%0020mechanism\%0020under},
  timestamp = {2015-10-17T21:52:17Z},
  number = {1-2},
  journaltitle = {Journal of Nuclear Materials},
  author = {Howlader, M M R and Kinoshita, C and Shiiyama, K and Kutsuwada, M and Inagaki, M},
  date = {1999},
  pages = {100--107},
  file = {Attachment:C\:\\Users\\mskocic\\AppData\\Roaming\\Zotero\\Zotero\\Profiles\\milan.default\\zotero\\storage\\8FC4UQEX\\Howlader et al. - 1999 - In situ measurement of electrical conductivity of Zircaloy oxides and their formation mechanism under electron.pdf:application/pdf;Attachment:C\:\\Users\\mskocic\\AppData\\Roaming\\Zotero\\Zotero\\Profiles\\milan.default\\zotero\\storage\\EXTZNT5F\\Howlader et al. - 1999 - In situ measurement of electrical conductivity of Zircaloy oxides and their formation mechanism under electron.pdf:application/pdf}
}

@article{Hunter2007,
  title = {Matplotlib: {{A 2D}} graphics environment},
  volume = {9},
  url = {http://link.aip.org/link/?CSX/9/90/1\%0020C:$\\backslash$Users$\\backslash$Milan\%0020Skocic$\\backslash$Documents$\\backslash$Areva_thesis$\\backslash$1-Bibliography$\\backslash$1-Classified$\\backslash$Hunter_2007-Matplotlib\%0020a\%00202D\%0020Graphics\%0020Environment.pdf},
  timestamp = {2015-10-17T21:52:21Z},
  number = {3},
  journaltitle = {Computing In Science and Engineering},
  author = {Hunter, J D},
  date = {2007},
  pages = {90--95},
  file = {Attachment:C\:\\Users\\mskocic\\AppData\\Roaming\\Zotero\\Zotero\\Profiles\\milan.default\\zotero\\storage\\BGXPTM6P\\Hunter - 2007 - Matplotlib A 2D graphics environment.pdf:application/pdf;Attachment:C\:\\Users\\mskocic\\AppData\\Roaming\\Zotero\\Zotero\\Profiles\\milan.default\\zotero\\storage\\MIFAE7PK\\Hunter - 2007 - Matplotlib A 2D graphics environment.pdf:application/pdf}
}

@article{Sunseri1995,
  title = {A {{Photoelectrochemical Study}} of {{Passivating Layers}} on {{Nickel}}},
  volume = {185-188},
  issn = {1662-9752},
  url = {http://www.scientific.net.gaelnomade.ujf-grenoble.fr/MSF.185-188.435},
  timestamp = {2015-10-17T21:52:03Z},
  journaltitle = {Materials Science Forum},
  author = {Sunseri, C. and Piazza, S. and Di Quarto, F.},
  date = {1995},
  pages = {435--446}
}

@incollection{Johnson1974,
  title = {Study of the {{Zr Alloy Corrosion Parameters}} in the {{ATR}}},
  url = {http://www.astm.org/DIGITAL_LIBRARY/STP/PAGES/STP32136S.htm},
  timestamp = {2015-10-17T21:52:45Z},
  booktitle = {Zirconium in {{Nuclear Application}}},
  publisher = {{ASTM International}},
  author = {Johnson, A B and Surf, J E Le and Proebstle, R A},
  date = {1974}
}

@article{Bojinov2002,
  title = {Photocurrent response of the passive film on iron in a high-temperature aqueous electrolyte},
  volume = {4},
  url = {http://www.sciencedirect.com/science/article/pii/S1388248102002576\%0020C:$\\backslash$Users$\\backslash$Milan\%0020Skocic$\\backslash$Documents$\\backslash$Areva_thesis$\\backslash$1-Bibliography$\\backslash$1-Classified$\\backslash$Bojinov_2002_photocurrent_response_of_passive_film_on_iron_in_aqueous_electrolyte.pdf},
  timestamp = {2015-10-18T09:59:16Z},
  journaltitle = {Electrochemistry Communications},
  author = {Bojinov, M and Kinnunen, P and Laitinen, T and M{\"a}kel{\"a}, K and Saario, T and Sirki{\"a}, P},
  date = {2002},
  pages = {222--226},
  file = {Attachment:C\:\\Users\\mskocic\\AppData\\Roaming\\Zotero\\Zotero\\Profiles\\milan.default\\zotero\\storage\\6D3SQJFA\\Bojinov et al. - 2002 - Photocurrent response of the passive film on iron in a high-temperature aqueous electrolyte.pdf:application/pdf;Attachment:C\:\\Users\\mskocic\\AppData\\Roaming\\Zotero\\Zotero\\Profiles\\milan.default\\zotero\\storage\\ERFUGSM7\\Bojinov et al. - 2002 - Photocurrent response of the passive film on iron in a high-temperature aqueous electrolyte.pdf:application/pdf}
}

@book{IAEA1998,
  location = {{Vienna}},
  title = {Water side corrosion of zirconium alloys in nuclear power plants},
  timestamp = {2015-10-18T08:57:48Z},
  publisher = {{IAEA}},
  author = {IAEA,},
  date = {1998},
  file = {Attachment:C\:\\Users\\mskocic\\AppData\\Roaming\\Zotero\\Zotero\\Profiles\\milan.default\\zotero\\storage\\C4ESJCDN\\Unknown - 1998 - Water side corrosion of zirconium alloys in nuclear power plants.pdf:application/pdf;Attachment:C\:\\Users\\mskocic\\AppData\\Roaming\\Zotero\\Zotero\\Profiles\\milan.default\\zotero\\storage\\CDR6CBNT\\Unknown - 1998 - Water side corrosion of zirconium alloys in nuclear power plants.pdf:application/pdf}
}

@article{Brossmann1999,
  title = {Oxygen diffusion in ultrafine grained monoclinic {{ZrO2}}},
  volume = {85},
  issn = {00218979},
  url = {http://link.aip.org/link/?JAP/85/7646/1\%0020http://scitation.aip.org/content/aip/journal/jap/85/11/10.1063/1.370567},
  doi = {10.1063/1.370567},
  timestamp = {2015-10-17T21:52:28Z},
  number = {11},
  journaltitle = {Journal of Applied Physics},
  author = {Brossmann, Ulrich and W{\"u}rschum, Roland and S{\"o}dervall, Ulf and Schaefer, Hans-Eckhardt},
  date = {1999},
  pages = {7646},
  file = {Attachment:C\:\\Users\\mskocic\\AppData\\Roaming\\Zotero\\Zotero\\Profiles\\milan.default\\zotero\\storage\\7PEU6M76\\Brossmann et al. - 1999 - Oxygen diffusion in ultrafine grained monoclinic ZrO2.pdf:application/pdf;Attachment:C\:\\Users\\mskocic\\AppData\\Roaming\\Zotero\\Zotero\\Profiles\\milan.default\\zotero\\storage\\S54AW524\\Brossmann et al. - 1999 - Oxygen diffusion in ultrafine grained monoclinic ZrO2.pdf:application/pdf}
}

@book{Press2007,
  location = {{Cambridge}},
  edition = {3},
  title = {Numerical {{Recipes}}: {{The Art}} of {{Scientific Computing}}},
  timestamp = {2015-10-17T21:52:25Z},
  publisher = {{Cambridge University Press}},
  author = {Press, William H. and Teukolsky, Saul A. and Vetterling, William T. and Flannery, Brian P.},
  date = {2007}
}

@incollection{Adamson2007,
  title = {Corrosion {{Mechanisms}} in {{Zirconium Alloys}}},
  url = {http://www.antinternational.com/fileadmin/Products_and_handbooks/Zirat/First_chapter_-__ZIRAT12_STR__Corrosion_Mechanisms.pdf\%0020C:$\\backslash$Users$\\backslash$Milan\%0020Skocic$\\backslash$Documents$\\backslash$Areva_thesis$\\backslash$1-Bibliography$\\backslash$1-Classified$\\backslash$Adamson_2007_Corrosion\%0020mechanisms\%0020in\%0020Zr\%0020alloys.pdf},
  timestamp = {2015-10-17T21:52:07Z},
  booktitle = {{{ZIRAT}}-12 {{SPECIAL TOPIC REPORT}}},
  publisher = {{Advanced Nuclear Technology International}},
  author = {Adamson, R and Garzarolli, F and Cox, B and Strasser, A and Rudling, P},
  date = {2007},
  file = {Attachment:C\:\\Users\\mskocic\\AppData\\Roaming\\Zotero\\Zotero\\Profiles\\milan.default\\zotero\\storage\\BBRERW4W\\Adamson et al. - 2007 - Corrosion Mechanisms in Zirconium Alloys.pdf:application/pdf;Attachment:C\:\\Users\\mskocic\\AppData\\Roaming\\Zotero\\Zotero\\Profiles\\milan.default\\zotero\\storage\\VXIIP3Z3\\Adamson et al. - 2007 - Corrosion Mechanisms in Zirconium Alloys.pdf:application/pdf}
}

@article{Zhao2002,
  title = {Phonons and lattice dielectric properties of zirconia},
  volume = {65},
  url = {http://dx.doi.org/10.1103/PhysRevB.65.075105\%0020C:$\\backslash$Users$\\backslash$Milan\%0020Skocic$\\backslash$Documents$\\backslash$Areva_thesis$\\backslash$1-Bibliography$\\backslash$1-Classified$\\backslash$Zhao_2002-Phonons\%0020and\%0020lattice\%0020dielectric\%0020properties\%0020of\%0020zirconia.pdf},
  timestamp = {2015-10-18T10:23:20Z},
  number = {7},
  journaltitle = {Physical Review B},
  author = {Zhao, X and Vanderbilt, D},
  date = {2002},
  pages = {75105},
  file = {Attachment:C\:\\Users\\mskocic\\AppData\\Roaming\\Zotero\\Zotero\\Profiles\\milan.default\\zotero\\storage\\CXJ2XMIU\\Zhao, Vanderbilt - 2002 - Phonons and lattice dielectric properties of zirconia.pdf:application/pdf;Attachment:C\:\\Users\\mskocic\\AppData\\Roaming\\Zotero\\Zotero\\Profiles\\milan.default\\zotero\\storage\\DIE7AEIX\\Zhao, Vanderbilt - 2002 - Phonons and lattice dielectric properties of zirconia.pdf:application/pdf}
}

@incollection{Trowse1977,
  title = {Nodular {{Corrosion}} of {{Zircaloy}}-2 and {{Some Other Zirconium Alloys}} in {{Steam Generating Heavy Water Reactors}} and {{Related Environments}}},
  url = {http://www.astm.org/DIGITAL_LIBRARY/STP/PAGES/STP35574S.htm},
  timestamp = {2015-10-17T21:52:23Z},
  booktitle = {Zirconium in {{Nuclear Industry}}},
  publisher = {{ASTM International}},
  author = {Trowse, F W and Sumerling, R and Garlick, A},
  date = {1977}
}

@thesis{Loucif2012,
  title = {Caract{\'e}risation photo{\'e}lectrochimique des oxydes form{\'e}s sur alliages base nickel en milieu primaire des r{\'e}acteurs {\`a} eau pressuris{\'e}e},
  url = {http://tel.archives-ouvertes.fr/docs/00/84/29/98/PDF/22878_LOUCIF_2012_archivage.pdf\%0020C:$\\backslash$Users$\\backslash$Milan\%0020Skocic$\\backslash$Documents$\\backslash$Areva_thesis$\\backslash$1-Bibliography$\\backslash$1-Classified$\\backslash$Loucif_2012-Caract\%00fdrisation\%0020photo\%00fdlectrochimique\%0020des\%0020oxydes\%0020formes\%0020sur\%0020alliages\%0020base\%0020nickel\%0020en\%0020milieu\%0020primaire\%0020des\%0020reacteurs\%0020a\%0020eau\%0020pressurisee\%0020.pdf},
  timestamp = {2016-03-05T09:16:06Z},
  institution = {{Universit{\'e} de Grenoble}},
  type = {Th{\`e}se de doctorat},
  author = {Loucif, A},
  date = {2012},
  file = {Loucif - 2012 - Caractérisation photoélectrochimique des oxydes formés sur alliages base nickel en milieu primaire des réacteurs à eau p.pdf:C\:\\Users\\mskocic\\AppData\\Roaming\\Zotero\\Zotero\\Profiles\\milan.default\\zotero\\storage\\6XM62NVM\\Loucif - 2012 - Caractérisation photoélectrochimique des oxydes formés sur alliages base nickel en milieu primaire des réacteurs à eau p.pdf:application/pdf}
}

@article{Barberis2005,
  title = {Microstructure and {{Phase Control}} in {{Zr-Fe-Cr-Ni Alloys}}: {{Thermodynamic}} and {{Kinetic Aspects}}},
  volume = {2},
  url = {http://www.astm.org/DIGITAL_LIBRARY/JOURNALS/JAI/PAGES/JAI12771.htm},
  timestamp = {2015-10-17T21:52:22Z},
  number = {5},
  journaltitle = {Journal of AS},
  author = {Barberis, P and Dupin, N and Pasturel, A and Grange, J M},
  date = {2005},
  pages = {129--156}
}

@article{Cox1969,
  title = {Rate controlling processes during the pre-transition oxidation of zirconium alloys},
  volume = {31},
  issn = {00223115},
  url = {http://www.sciencedirect.com/science/article/pii/0022311569900439\%0020http://linkinghub.elsevier.com/retrieve/pii/0022311569900439},
  doi = {10.1016/0022-3115(69)90043-9},
  timestamp = {2015-10-18T08:26:41Z},
  number = {1},
  journaltitle = {Journal of Nuclear Materials},
  author = {Cox, B.},
  date = {1969},
  pages = {48--66},
  file = {Attachment:C\:\\Users\\mskocic\\AppData\\Roaming\\Zotero\\Zotero\\Profiles\\milan.default\\zotero\\storage\\AEZB3CW8\\Cox - 1969 - Rate controlling processes during the pre-transition oxidation of zirconium alloys.pdf:application/pdf;Attachment:C\:\\Users\\mskocic\\AppData\\Roaming\\Zotero\\Zotero\\Profiles\\milan.default\\zotero\\storage\\N52D6MD8\\Cox - 1969 - Rate controlling processes during the pre-transition oxidation of zirconium alloys.pdf:application/pdf}
}

@article{Wagner1933,
  title = {Beitrag zur {{Theorie}} des {{Anlaufvorgangs}}},
  volume = {B21},
  timestamp = {2015-10-17T21:52:04Z},
  journaltitle = {Zeitschrift f{\"u}r Physikalische Chemie},
  author = {Wagner, C.},
  date = {1933},
  pages = {25}
}

@article{LaMantia2010,
  title = {Physicochemical {{Characterization}} of {{Thermally Aged Anodic Films}} on {{Magnetron-Sputtered Niobium}}},
  volume = {157},
  issn = {00134651},
  url = {http://jes.ecsdl.org/cgi/doi/10.1149/1.3428396},
  doi = {10.1149/1.3428396},
  timestamp = {2015-10-17T21:52:35Z},
  number = {7},
  journaltitle = {Journal of The Electrochemical Society},
  author = {La Mantia, F. and Santamaria, M. and Di Quarto, F. and Habazaki, H.},
  date = {2010},
  pages = {C258},
  file = {Attachment:C\:\\Users\\mskocic\\AppData\\Roaming\\Zotero\\Zotero\\Profiles\\milan.default\\zotero\\storage\\5GF2NCZ7\\La Mantia et al. - 2010 - Physicochemical Characterization of Thermally Aged Anodic Films on Magnetron-Sputtered Niobium.pdf:application/pdf;Attachment:C\:\\Users\\mskocic\\AppData\\Roaming\\Zotero\\Zotero\\Profiles\\milan.default\\zotero\\storage\\X93U2ZUM\\La Mantia et al. - 2010 - Physicochemical Characterization of Thermally Aged Anodic Films on Magnetron-Sputtered Niobium.pdf:application/pdf}
}

@article{Shirvington1970,
  title = {Electron conduction through oxide films on {{Zircaloy}}-2},
  volume = {37},
  url = {http://www.sciencedirect.com/science/article/pii/002231157090084X\%0020C:$\\backslash$Users$\\backslash$Milan\%0020Skocic$\\backslash$Documents$\\backslash$Areva_thesis$\\backslash$1-Bibliography$\\backslash$1-Classified$\\backslash$Shirvington_1970-Electron\%0020conduction\%0020through\%0020oxide\%0020films\%0020on\%0020Zy2.pdf},
  timestamp = {2015-10-17T21:52:12Z},
  number = {2},
  journaltitle = {Journal of Nuclear Materials},
  author = {Shirvington, P J},
  date = {1970},
  pages = {177--202},
  file = {Attachment:C\:\\Users\\mskocic\\AppData\\Roaming\\Zotero\\Zotero\\Profiles\\milan.default\\zotero\\storage\\C9TE9QFI\\Shirvington - 1970 - Electron conduction through oxide films on Zircaloy-2.pdf:application/pdf;Attachment:C\:\\Users\\mskocic\\AppData\\Roaming\\Zotero\\Zotero\\Profiles\\milan.default\\zotero\\storage\\HHQZ3SIZ\\Shirvington - 1970 - Electron conduction through oxide films on Zircaloy-2.pdf:application/pdf}
}

@article{Cox2005,
  title = {Some thoughts on the mechanisms of in-reactor corrosion of zirconium alloys},
  volume = {336},
  url = {http://www.sciencedirect.com/science/article/pii/S002231150400875X\%0020C:$\\backslash$Users$\\backslash$Milan\%0020Skocic$\\backslash$Documents$\\backslash$Areva_thesis$\\backslash$1-Bibliography$\\backslash$1-Classified$\\backslash$Cox_2005_Some\%0020thoughts\%0020on\%0020the\%0020mechanisms\%0020of\%0020in-reactor\%0020corrosion\%0020of\%0020zirconium\%0020alloys.pdf},
  timestamp = {2015-10-17T21:52:43Z},
  journaltitle = {Journal of Nuclear Materials},
  author = {Cox, B},
  date = {2005},
  pages = {331--368},
  file = {Attachment:C\:\\Users\\mskocic\\AppData\\Roaming\\Zotero\\Zotero\\Profiles\\milan.default\\zotero\\storage\\65UEWSHV\\Cox - 2005 - Some thoughts on the mechanisms of in-reactor corrosion of zirconium alloys.pdf:application/pdf;Attachment:C\:\\Users\\mskocic\\AppData\\Roaming\\Zotero\\Zotero\\Profiles\\milan.default\\zotero\\storage\\ZJ4JBRWR\\Cox - 2005 - Some thoughts on the mechanisms of in-reactor corrosion of zirconium alloys.pdf:application/pdf}
}

@book{Plieth2008,
  location = {{Amsterdam}},
  title = {Electrochemistry for {{Materials Science}}},
  timestamp = {2015-10-17T21:40:07Z},
  publisher = {{Elsevier}},
  author = {Plieth, W.},
  date = {2008},
  file = {Attachment:C\:\\Users\\mskocic\\AppData\\Roaming\\Zotero\\Zotero\\Profiles\\milan.default\\zotero\\storage\\99D82A3C\\Plieth - 2008 - Electrochemistry for Materials Science.pdf:application/pdf}
}

@book{Memming2008,
  location = {{Weinheim}},
  title = {Semiconductor {{Electrochemistry}}},
  url = {http://www.aqr.ee/Memming/01_SCE.pdf\%0020C:$\\backslash$Users$\\backslash$Milan\%0020Skocic$\\backslash$Documents$\\backslash$Areva_thesis$\\backslash$1-Bibliography$\\backslash$1-Classified$\\backslash$Memming_2008-Semiconductor_Electrochemistry.pdf},
  timestamp = {2015-10-17T21:52:40Z},
  publisher = {{WILEY-VCH Verlag GmbH}},
  author = {Memming, R},
  date = {2008},
  file = {Attachment:C\:\\Users\\mskocic\\AppData\\Roaming\\Zotero\\Zotero\\Profiles\\milan.default\\zotero\\storage\\4HUI4SAU\\Memming - 2008 - Semiconductor Electrochemistry.pdf:application/pdf;Attachment:C\:\\Users\\mskocic\\AppData\\Roaming\\Zotero\\Zotero\\Profiles\\milan.default\\zotero\\storage\\GT9U4B9A\\Memming - 2008 - Semiconductor Electrochemistry.pdf:application/pdf}
}

@article{Simeone2002,
  title = {Analysis of the monoclinic-tetragonal phase transition of zirconia under irradiation},
  volume = {300},
  url = {http://www.sciencedirect.com/science/article/pii/S0022311501007012\%0020C:$\\backslash$Users$\\backslash$Milan\%0020Skocic$\\backslash$Documents$\\backslash$Areva_thesis$\\backslash$1-Bibliography$\\backslash$1-Classified$\\backslash$Simeone_2002-Analysis\%0020of\%0020the\%0020monoclinic?tetragonal\%0020phase\%0020transition\%0020of\%0020zirconia\%0020under\%0020irradiation.pdf},
  timestamp = {2015-10-17T21:52:02Z},
  number = {1},
  journaltitle = {Journal of Nuclear Materials},
  author = {Simeone, D and Gosset, D and Bechade, J L and Chevarier, A},
  date = {2002},
  pages = {27--38},
  file = {Attachment:C\:\\Users\\mskocic\\AppData\\Roaming\\Zotero\\Zotero\\Profiles\\milan.default\\zotero\\storage\\EK88DGHP\\Simeone et al. - 2002 - Analysis of the monoclinic-tetragonal phase transition of zirconia under irradiation.pdf:application/pdf;Attachment:C\:\\Users\\mskocic\\AppData\\Roaming\\Zotero\\Zotero\\Profiles\\milan.default\\zotero\\storage\\SKU5B62X\\Simeone et al. - 2002 - Analysis of the monoclinic-tetragonal phase transition of zirconia under irradiation.pdf:application/pdf}
}

@book{Pishchik2009,
  location = {{New York}},
  title = {Sapphire: {{Material}}, {{Manufacturing}}, {{Applications}}},
  url = {http://link.springer.com/book/10.1007/978-0-387-85695-7/page/1\%0020C:$\\backslash$Users$\\backslash$Milan\%0020Skocic$\\backslash$Documents$\\backslash$Areva_thesis$\\backslash$1-Bibliography$\\backslash$1-Classified$\\backslash$Dobrovinskaya_2009_Sapphire\%0020Material\%0020Manufacturing\%0020and\%0020Applications.pdf},
  timestamp = {2015-10-17T21:52:38Z},
  publisher = {{Springer US}},
  author = {Pishchik, Valerian and Lytvynov, Leonid A and Dobrovinskaya, Elena R},
  date = {2009},
  file = {Attachment:C\:\\Users\\mskocic\\AppData\\Roaming\\Zotero\\Zotero\\Profiles\\milan.default\\zotero\\storage\\F2X87TRI\\Pishchik, Lytvynov, Dobrovinskaya - 2009 - Sapphire Material, Manufacturing, Applications.pdf:application/pdf;Attachment:C\:\\Users\\mskocic\\AppData\\Roaming\\Zotero\\Zotero\\Profiles\\milan.default\\zotero\\storage\\HMP2RIUU\\Pishchik, Lytvynov, Dobrovinskaya - 2009 - Sapphire Material, Manufacturing, Applications.pdf:application/pdf}
}

@book{Protassov2002,
  location = {{Paris}},
  title = {Analyse statistique de donn{\'e}es exp{\'e}rimentales},
  isbn = {978-2-86883-590-1},
  timestamp = {2016-02-15T22:36:06Z},
  publisher = {{EDP Sciences}},
  author = {Protassov, Konstantin},
  date = {2002}
}

@thesis{Auclair2001,
  title = {D{\'e}termination des rendements radiolytiques primaires alpha en milieu alcalin},
  url = {C:$\\backslash$Users$\\backslash$Milan\%0020Skocic$\\backslash$Documents$\\backslash$Areva_thesis$\\backslash$1-Bibliography$\\backslash$1-Classified$\\backslash$Auclair_2001_Determination\%0020des\%0020rendements\%0020radiolytiques\%0020primaires\%0020alpha\%0020en\%0020milieu\%0020alcalin.pdf},
  timestamp = {2016-03-05T09:15:49Z},
  institution = {{Universit{\'e} PARIS 6}},
  type = {Th{\`e}se de doctorat},
  author = {Auclair, G},
  date = {2001},
  file = {Auclair - 2001 - Détermination des rendements radiolytiques primaires alpha en milieu alcalin.pdf:C\:\\Users\\mskocic\\AppData\\Roaming\\Zotero\\Zotero\\Profiles\\milan.default\\zotero\\storage\\5E69X79K\\Auclair - 2001 - Détermination des rendements radiolytiques primaires alpha en milieu alcalin.pdf:application/pdf}
}

@article{Smeltzer1961,
  title = {Oxidation of metals by short circuit and lattice diffusion of oxygen},
  volume = {9},
  issn = {00016160},
  url = {http://www.sciencedirect.com/science/article/pii/0001616061901924\%0020http://linkinghub.elsevier.com/retrieve/pii/0001616061901924},
  doi = {10.1016/0001-6160(61)90192-4},
  timestamp = {2015-10-18T08:47:21Z},
  number = {9},
  journaltitle = {Acta Metallurgica},
  author = {Smeltzer, W.W and Haering, R.R and Kirkaldy, J.S},
  date = {1961},
  pages = {880--885},
  file = {Attachment:C\:\\Users\\mskocic\\AppData\\Roaming\\Zotero\\Zotero\\Profiles\\milan.default\\zotero\\storage\\EZNIW6KZ\\Smeltzer, Haering, Kirkaldy - 1961 - Oxidation of metals by short circuit and lattice diffusion of oxygen.pdf:application/pdf;Attachment:C\:\\Users\\mskocic\\AppData\\Roaming\\Zotero\\Zotero\\Profiles\\milan.default\\zotero\\storage\\FMCJX2BW\\Smeltzer, Haering, Kirkaldy - 1961 - Oxidation of metals by short circuit and lattice diffusion of oxygen.pdf:application/pdf}
}

@article{Boschloo2001,
  title = {Spectroelectrochemistry of {{Nanostructured NiO}}},
  volume = {105},
  issn = {1520-6106},
  url = {http://pubs.acs.org/doi/abs/10.1021/jp003499s},
  doi = {10.1021/jp003499s},
  timestamp = {2015-10-18T09:59:21Z},
  number = {15},
  journaltitle = {The Journal of Physical Chemistry B},
  author = {Boschloo, Gerrit and Hagfeldt, Anders},
  date = {2001},
  pages = {3039--3044},
  file = {Attachment:C\:\\Users\\mskocic\\AppData\\Roaming\\Zotero\\Zotero\\Profiles\\milan.default\\zotero\\storage\\ICRFJQPW\\Boschloo, Hagfeldt - 2001 - Spectroelectrochemistry of Nanostructured NiO.pdf:application/pdf;Attachment:C\:\\Users\\mskocic\\AppData\\Roaming\\Zotero\\Zotero\\Profiles\\milan.default\\zotero\\storage\\J5ZJVFMV\\Boschloo, Hagfeldt - 2001 - Spectroelectrochemistry of Nanostructured NiO.pdf:application/pdf}
}

@book{Kiusalaas2010,
  location = {{Cambridge}},
  edition = {2},
  title = {Numerical {{Methods}} in {{Engineering}} with {{Python}}},
  isbn = {1-139-48415-X},
  url = {https://books.google.com/books?id=9SG1r8EJawIC&pgis=1},
  pagetotal = {422},
  timestamp = {2015-10-17T21:52:24Z},
  publisher = {{Cambridge University Press}},
  author = {Kiusalaas, Jaan},
  date = {2010}
}

@book{IAEA1993,
  location = {{Vienna}},
  title = {Corrosion of zirconium alloys in nuclear power plants},
  timestamp = {2015-10-18T08:55:24Z},
  publisher = {{International Atomic Energy Agency}},
  author = {IAEA,},
  date = {1993},
  file = {Attachment:C\:\\Users\\mskocic\\AppData\\Roaming\\Zotero\\Zotero\\Profiles\\milan.default\\zotero\\storage\\HRNKD794\\Unknown - 1993 - Corrosion of zirconium alloys in nuclear power plants.pdf:application/pdf;Attachment:C\:\\Users\\mskocic\\AppData\\Roaming\\Zotero\\Zotero\\Profiles\\milan.default\\zotero\\storage\\V9QFDNJ5\\Unknown - 1993 - Corrosion of zirconium alloys in nuclear power plants.pdf:application/pdf}
}

@book{Barsoukov2005,
  location = {{Hoboken, NJ, USA}},
  edition = {2},
  title = {Impedance {{Spectroscopy}}: {{Theory}}, {{Experiment}}, and {{Applications}}},
  timestamp = {2016-02-15T22:36:27Z},
  publisher = {{John Wiley \& Sons, Inc.}},
  author = {Barsoukov, Evgenij and Macdonald, J. Ross},
  date = {2005},
  file = {Attachment:C\:\\Users\\mskocic\\AppData\\Roaming\\Zotero\\Zotero\\Profiles\\milan.default\\zotero\\storage\\3HSHTZ4J\\Barsoukov, Macdonald - 2005 - Impedance Spectroscopy Theory, Experiment, and Applications.pdf:application/pdf;Attachment:C\:\\Users\\mskocic\\AppData\\Roaming\\Zotero\\Zotero\\Profiles\\milan.default\\zotero\\storage\\SXZZ5DDS\\Barsoukov, Macdonald - 2005 - Impedance Spectroscopy Theory, Experiment, and Applications.pdf:application/pdf}
}

@thesis{Dali2007,
  title = {Etude exp{\'e}rimentale de l'oxydation des alliages de zirconium {\`a} haute pression de vapeur d'eau et mod{\'e}lisation des m{\'e}canismes},
  url = {http://tel.archives-ouvertes.fr/docs/00/34/17/47/PDF/Y-Dali-071122.pdf\%0020C:$\\backslash$Users$\\backslash$Milan\%0020Skocic$\\backslash$Documents$\\backslash$Areva_thesis$\\backslash$1-Bibliography$\\backslash$1-Classified$\\backslash$Dali_2007_Yakub_Etude\%0020exp\%00fdrimentale\%0020de\%0020l?oxydation\%0020des\%0020alliages\%0020de\%0020zirconium\%0020\%00fd\%0020haute\%0020.pdf},
  timestamp = {2016-03-05T09:16:00Z},
  institution = {{Ecole Nationale Sup{\'e}rieure des Mines}},
  type = {Th{\`e}se de doctorat},
  author = {Dali, Y},
  date = {2007},
  file = {Dali - 2007 - Etude expérimentale de l’oxydation des alliages de zirconium à haute pression de vapeur d’eau et modélisation des mécanism.pdf:C\:\\Users\\mskocic\\AppData\\Roaming\\Zotero\\Zotero\\Profiles\\milan.default\\zotero\\storage\\F6HEVUWH\\Dali - 2007 - Etude expérimentale de l’oxydation des alliages de zirconium à haute pression de vapeur d’eau et modélisation des mécanism.pdf:application/pdf}
}

@incollection{Garzarolli2002,
  title = {Alternative {{Zr Alloys}} with {{Irradiation Resistant Precipitates}} for {{High Burnup BWR Application}}},
  timestamp = {2015-10-17T21:52:00Z},
  booktitle = {Zirconium in the {{Nuclear Industry}}: {{Thirteenth International Symposium}}},
  author = {Garzarolli, F. and Ruhmann, H. and Van Swam, L.},
  date = {2002}
}

@article{Butler1977,
  title = {Photoelectrolysis and physical properties of the semiconducting electrode {{WO3}}},
  volume = {48},
  issn = {00218979},
  url = {http://scitation.aip.org/content/aip/journal/jap/48/5/10.1063/1.323948},
  doi = {10.1063/1.323948},
  timestamp = {2015-10-17T21:52:34Z},
  number = {5},
  journaltitle = {Journal of Applied Physics},
  author = {Butler, M.},
  date = {1977},
  pages = {1914},
  file = {Attachment:C\:\\Users\\mskocic\\AppData\\Roaming\\Zotero\\Zotero\\Profiles\\milan.default\\zotero\\storage\\CTV2W3CU\\Butler - 1977 - Photoelectrolysis and physical properties of the semiconducting electrode WO3.pdf:application/pdf;Attachment:C\:\\Users\\mskocic\\AppData\\Roaming\\Zotero\\Zotero\\Profiles\\milan.default\\zotero\\storage\\WQHPQRWA\\Butler - 1977 - Photoelectrolysis and physical properties of the semiconducting electrode WO3.pdf:application/pdf}
}

@thesis{Marchetti2006,
  title = {Corrosion g{\'e}n{\'e}ralis{\'e}e des alliages {\`a} base nickel en milieu acqueux {\`a} haute temp{\'e}rature: apport {\`a} la compr{\'e}hension des m{\'e}canismes.},
  timestamp = {2016-03-05T09:16:09Z},
  institution = {{Ecole Nationale Sup{\'e}rieure des Mines de Saint-Etienne}},
  type = {Th{\`e}se de doctorat},
  author = {Marchetti, Lo{\"\i}c},
  date = {2006},
  file = {Marchetti - 2006 - Corrosion généralisée des alliages à base nickel en milieu acqueux à haute température apport à la compréhension des.pdf:C\:\\Users\\mskocic\\AppData\\Roaming\\Zotero\\Zotero\\Profiles\\milan.default\\zotero\\storage\\VWAMU2J9\\Marchetti - 2006 - Corrosion généralisée des alliages à base nickel en milieu acqueux à haute température apport à la compréhension des.pdf:application/pdf}
}

@article{Atmani2008,
  title = {Imaging by {{Photoelectrochemical Techniques}} of {{Laves-Phases}} gamma-{{Zr}}({{Fe}},{{Cr}})2 {{Thermally Oxidized}} on {{Zircaloy}}-4},
  volume = {595-598},
  url = {http://www.scientific.net/MSF.595-598.571.pdf\%0020C:$\\backslash$Users$\\backslash$Milan\%0020Skocic$\\backslash$Documents$\\backslash$Areva_thesis$\\backslash$1-Bibliography$\\backslash$1-Classified$\\backslash$Wouters_2008_imaging\%0020by\%0020PEC\%0020of\%0020laves-phases\%0020Zr(FECr)2\%0020thermally\%0020oxidized\%0020on\%0020Zirc4.pdf},
  timestamp = {2015-10-17T21:52:15Z},
  journaltitle = {Materials Science Forum},
  author = {Atmani, F and Wouters, Y and Galerie, A and Petit, J.-P. and Dali, Y and Tupin, M and Bossis, P},
  date = {2008},
  pages = {571--579},
  file = {Attachment:C\:\\Users\\mskocic\\AppData\\Roaming\\Zotero\\Zotero\\Profiles\\milan.default\\zotero\\storage\\DUVH4VV5\\Atmani et al. - 2008 - Imaging by Photoelectrochemical Techniques of Laves-Phases gamma-Zr(Fe,Cr)2 Thermally Oxidized on Zircaloy-4.pdf:application/pdf;Attachment:C\:\\Users\\mskocic\\AppData\\Roaming\\Zotero\\Zotero\\Profiles\\milan.default\\zotero\\storage\\PKCS52AM\\Atmani et al. - 2008 - Imaging by Photoelectrochemical Techniques of Laves-Phases gamma-Zr(Fe,Cr)2 Thermally Oxidized on Zircaloy-4.pdf:application/pdf}
}

@article{Simeone2000,
  title = {Investigation on the zirconia phase transition under irradiation},
  volume = {281},
  url = {http://www.sciencedirect.com/science/article/pii/S0022311500001835\%0020C:$\\backslash$Users$\\backslash$Milan\%0020Skocic$\\backslash$Documents$\\backslash$Areva_thesis$\\backslash$1-Bibliography$\\backslash$1-Classified$\\backslash$Simeone_2000-Investigation\%0020on\%0020the\%0020zirconia\%0020phase\%0020transition\%0020under\%0020irradiation.pdf},
  timestamp = {2015-10-17T21:52:19Z},
  number = {2-3},
  journaltitle = {Journal of Nuclear Materials},
  author = {Simeone, D and Bechade, J L and Gosset, D and Chevarier, A and Daniel, P and Pilliaire, H and Baldinozzi, G},
  date = {2000},
  pages = {171--181},
  file = {Attachment:C\:\\Users\\mskocic\\AppData\\Roaming\\Zotero\\Zotero\\Profiles\\milan.default\\zotero\\storage\\DXQHKGTS\\Simeone et al. - 2000 - Investigation on the zirconia phase transition under irradiation.pdf:application/pdf;Attachment:C\:\\Users\\mskocic\\AppData\\Roaming\\Zotero\\Zotero\\Profiles\\milan.default\\zotero\\storage\\T9SQMGCE\\Simeone et al. - 2000 - Investigation on the zirconia phase transition under irradiation.pdf:application/pdf}
}

@article{Bererd2005,
  title = {Zirconium oxidation under high-energy heavy-ion irradiation},
  volume = {97},
  issn = {00218979},
  url = {http://scitation.aip.org/content/aip/journal/jap/97/8/10.1063/1.1862313},
  doi = {10.1063/1.1862313},
  timestamp = {2015-10-17T21:52:50Z},
  number = {8},
  journaltitle = {Journal of Applied Physics},
  author = {B{\'e}rerd, N. and Chevarier, A. and Moncoffre, N. and Jaffre{\'e}zic, H. and Balanzat, E. and Catalette, H.},
  date = {2005},
  pages = {083528},
  file = {Bérerd et al. - 2005 - Zirconium oxidation under high-energy heavy-ion irradiation.pdf:C\:\\Users\\mskocic\\AppData\\Roaming\\Zotero\\Zotero\\Profiles\\milan.default\\zotero\\storage\\JVD7FD87\\Bérerd et al. - 2005 - Zirconium oxidation under high-energy heavy-ion irradiation.pdf:application/pdf}
}

@article{Finklea1983,
  title = {Photoelectrochemistry: {{Introductory}} concepts},
  volume = {60},
  issn = {0021-9584},
  url = {http://dx.doi.org/10.1021/ed060p325\%0020http://pubs.acs.org/doi/abs/10.1021/ed060p325},
  doi = {10.1021/ed060p325},
  timestamp = {2016-06-16T22:20:24Z},
  number = {4},
  journaltitle = {Journal of Chemical Education},
  author = {Finklea, H.O.},
  date = {1983},
  pages = {325}
}

@report{Perche2015,
  title = {Protocole de pes{\'e}e},
  timestamp = {2015-10-17T21:52:36Z},
  institution = {{Areva Centre Technique Le Creusot}},
  author = {Perche, Delphine},
  date = {2015}
}

@incollection{Chen1994,
  location = {{West Palm Beach, Florida}},
  title = {Observations of {{Shadow Phenomena}} on {{Zirconium Alloys}}},
  url = {C:$\\backslash$Users$\\backslash$Milan\%0020Skocic$\\backslash$Documents$\\backslash$Areva_thesis$\\backslash$1-Bibliography$\\backslash$1-Classified$\\backslash$Chen_1994_Observations\%0020of\%0020Shadow\%0020Corrosion\%0020phenomena\%0020on\%0020zirconium\%0020alloys.PDF},
  timestamp = {2015-10-17T21:52:26Z},
  booktitle = {International {{Topical Meeting LWR Fuel Perform}}},
  author = {Chen, J S F and Adamson, R B},
  date = {1994},
  pages = {309--317},
  file = {Attachment:C\:\\Users\\mskocic\\AppData\\Roaming\\Zotero\\Zotero\\Profiles\\milan.default\\zotero\\storage\\G7FE92RB\\Chen, Adamson - 1994 - Observations of Shadow Phenomena on Zirconium Alloys.PDF:application/pdf;Attachment:C\:\\Users\\mskocic\\AppData\\Roaming\\Zotero\\Zotero\\Profiles\\milan.default\\zotero\\storage\\GDV79FVE\\Chen, Adamson - 1994 - Observations of Shadow Phenomena on Zirconium Alloys.PDF:application/pdf}
}

@incollection{Cowan2011,
  title = {Introduction to {{Boiling Water Reactor Chemistry}}},
  url = {https://www.google.fr/search?q=LCC7+SPECIAL+TOPIC+REPORT&ie=utf-8&oe=utf-8&aq=t&rls=org.mozilla:en-US:official&client=firefox-a\%0020C:$\\backslash$Users$\\backslash$Milan\%0020Skocic$\\backslash$Documents$\\backslash$Areva_thesis$\\backslash$1-Bibliography$\\backslash$1-Classified$\\backslash$Cowan_2011_Introduction\%0020to\%0020BWR\%0020chemistry.pdf},
  timestamp = {2015-10-17T21:52:18Z},
  booktitle = {{{LCC7 SPECIAL TOPIC REPORT}}},
  publisher = {{Advanced Nuclear Technology International}},
  author = {Cowan, R and R{\"u}hle, W and Hettiarachchi, S},
  date = {2011},
  file = {Cowan, Rühle, Hettiarachchi - 2011 - Introduction to Boiling Water Reactor Chemistry.pdf:C\:\\Users\\mskocic\\AppData\\Roaming\\Zotero\\Zotero\\Profiles\\milan.default\\zotero\\storage\\SGKM3PDN\\Cowan, Rühle, Hettiarachchi - 2011 - Introduction to Boiling Water Reactor Chemistry.pdf:application/pdf}
}

@article{Vizcaino2008,
  title = {Synchrotron {{X}}-ray diffraction evidences of the amorphization/dissolution of the second phase particles ({{SPPs}}) in neutron irradiated {{Zircaloy}}-4},
  volume = {62},
  issn = {0167577X},
  url = {http://www.sciencedirect.com/science/article/pii/S0167577X07005824},
  doi = {10.1016/j.matlet.2007.05.062},
  timestamp = {2015-10-18T08:50:32Z},
  number = {3},
  journaltitle = {Materials Letters},
  author = {Vizcaino, P. and Banchik, A.D. and Abriata, J.P.},
  date = {2008},
  pages = {491--493},
  file = {Attachment:C\:\\Users\\mskocic\\AppData\\Roaming\\Zotero\\Zotero\\Profiles\\milan.default\\zotero\\storage\\9F5S9KNT\\Vizcaino, Banchik, Abriata - 2008 - Synchrotron X-ray diffraction evidences of the amorphizationdissolution of the second phase particle.pdf:application/pdf;Attachment:C\:\\Users\\mskocic\\AppData\\Roaming\\Zotero\\Zotero\\Profiles\\milan.default\\zotero\\storage\\MHVVSKAF\\Vizcaino, Banchik, Abriata - 2008 - Synchrotron X-ray diffraction evidences of the amorphizationdissolution of the second phase particle.pdf:application/pdf}
}

@article{Gratzel2001,
  title = {Photoelectrochemical cell},
  volume = {414},
  issn = {00280836},
  url = {http://www.nature.com/doifinder/10.1038/35104607},
  doi = {10.1038/35104607},
  timestamp = {2016-03-07T14:01:13Z},
  number = {6861},
  journaltitle = {Nature},
  author = {Gr{\"a}tzel, Michael},
  date = {2001},
  pages = {338--344},
  file = {Grätzel - 2001 - Photoelectrochemical cell.pdf:C\:\\Users\\mskocic\\AppData\\Roaming\\Zotero\\Zotero\\Profiles\\milan.default\\zotero\\storage\\TGNK2MVQ\\Grätzel - 2001 - Photoelectrochemical cell.pdf:application/pdf}
}

@article{Sennour2010,
  title = {A detailed {{TEM}} and {{SEM}} study of {{Ni}}-base alloys oxide scales formed in primary conditions of pressurized water reactor},
  volume = {402},
  issn = {00223115},
  url = {http://dx.doi.org/10.1016/j.jnucmat.2010.05.010\%0020http://linkinghub.elsevier.com/retrieve/pii/S002231151000200X},
  doi = {10.1016/j.jnucmat.2010.05.010},
  timestamp = {2015-10-18T08:46:45Z},
  number = {2-3},
  journaltitle = {Journal of Nuclear Materials},
  author = {Sennour, Mohamed and Marchetti, Lo{\"\i}c and Martin, Frantz and Perrin, St{\'e}phane and Molins, R{\'e}gine and Pijolat, Mich{\`e}le},
  date = {2010},
  pages = {147--156},
  file = {Attachment:C\:\\Users\\mskocic\\AppData\\Roaming\\Zotero\\Zotero\\Profiles\\milan.default\\zotero\\storage\\4FBAC9NP\\Sennour et al. - 2010 - A detailed TEM and SEM study of Ni-base alloys oxide scales formed in primary conditions of pressurized water re.pdf:application/pdf;Attachment:C\:\\Users\\mskocic\\AppData\\Roaming\\Zotero\\Zotero\\Profiles\\milan.default\\zotero\\storage\\BQV5SJ7B\\Sennour et al. - 2010 - A detailed TEM and SEM study of Ni-base alloys oxide scales formed in primary conditions of pressurized water re.pdf:application/pdf}
}

@article{Figa2009,
  title = {Photoelectrochemical characterizations of {{Ta}}/{{Ta2O5}}/polypyrrole heterojunctions},
  volume = {11},
  issn = {09599428},
  timestamp = {2015-10-17T21:52:32Z},
  number = {11},
  journaltitle = {Journal of Optoelectronics and Advanced Materials},
  author = {Figa, V. and Di Quarto, F.},
  date = {2009},
  pages = {1754--1759},
  file = {Attachment:C\:\\Users\\mskocic\\AppData\\Roaming\\Zotero\\Zotero\\Profiles\\milan.default\\zotero\\storage\\72ZC8KMD\\Figa, Di Quarto - 2009 - Photoelectrochemical characterizations of TaTa2O5polypyrrole heterojunctions.pdf:application/pdf;Attachment:C\:\\Users\\mskocic\\AppData\\Roaming\\Zotero\\Zotero\\Profiles\\milan.default\\zotero\\storage\\TNBCQDQM\\Figa, Di Quarto - 2009 - Photoelectrochemical characterizations of TaTa2O5polypyrrole heterojunctions.pdf:application/pdf}
}

@book{Douglass1971,
  location = {{Vienna}},
  title = {The {{Metallurgy}} of {{Zirconium}}},
  timestamp = {2015-10-17T21:52:47Z},
  publisher = {{International Atomic Energy Agency}},
  author = {Douglass, D L},
  date = {1971}
}

@article{Mozumder2002,
  title = {Ionization and excitation yields in liquid water due to the primary irradiation: {{Relationship}} of radiolysis with far {{UV}}-photolysis},
  volume = {4},
  url = {http://dx.doi.org/10.1039/B106017C\%0020C:$\\backslash$Users$\\backslash$Milan\%0020Skocic$\\backslash$Documents$\\backslash$Areva_thesis$\\backslash$1-Bibliography$\\backslash$1-Classified$\\backslash$Mozumder_2002_Ionization\%0020and\%0020excitation\%0020yields\%0020in\%0020liquide\%0020water\%0020due\%0020to\%0020the\%0020primary\%0020irradiation\%0020Relationship\%0020of\%0020radiolysis\%0020with\%0020far\%0020UVphotolysis.pdf},
  timestamp = {2015-10-17T21:52:20Z},
  journaltitle = {Physical Chemistry Chemical Physics},
  author = {Mozumder, A},
  date = {2002},
  pages = {1451--1456},
  file = {Attachment:C\:\\Users\\mskocic\\AppData\\Roaming\\Zotero\\Zotero\\Profiles\\milan.default\\zotero\\storage\\QMU38BGQ\\Mozumder - 2002 - Ionization and excitation yields in liquid water due to the primary irradiation Relationship of radiolysis with far UV.pdf:application/pdf;Attachment:C\:\\Users\\mskocic\\AppData\\Roaming\\Zotero\\Zotero\\Profiles\\milan.default\\zotero\\storage\\WPV4JG2E\\Mozumder - 2002 - Ionization and excitation yields in liquid water due to the primary irradiation Relationship of radiolysis with far UV.pdf:application/pdf}
}

@article{Loucif2013,
  title = {Semiconducting behavior and bandgap energies of oxide films grown on alloy 600 under {{PWR}} simulated primary water conditions with different dissolved hydrogen contents},
  volume = {443},
  url = {http://dx.doi.org/10.1016/j.jnucmat.2013.07.044\%0020C:$\\backslash$Users$\\backslash$Milan\%0020Skocic$\\backslash$Documents$\\backslash$Areva_thesis$\\backslash$1-Bibliography$\\backslash$1-Classified$\\backslash$Loucif_2013-Semiconducting\%0020behavior\%0020and\%0020bandgap\%0020energies\%0020of\%0020oxide\%0020films\%0020grown\%0020on\%0020alloy\%0020600\%0020under\%0020PWR\%0020simulated\%0020primary\%0020water\%0020conditions\%0020with\%0020different\%0020dissolved\%0020hydrogen\%0020contents.pdf},
  timestamp = {2015-10-17T21:52:39Z},
  number = {1-3},
  journaltitle = {Journal of Nuclear Materials},
  author = {Loucif, A and Petit, J.-P. and Wouters, Y},
  date = {2013},
  pages = {222--229},
  file = {Attachment:C\:\\Users\\mskocic\\AppData\\Roaming\\Zotero\\Zotero\\Profiles\\milan.default\\zotero\\storage\\4KI9WMW9\\Loucif, Petit, Wouters - 2013 - Semiconducting behavior and bandgap energies of oxide films grown on alloy 600 under PWR simulated prima.pdf:application/pdf;Attachment:C\:\\Users\\mskocic\\AppData\\Roaming\\Zotero\\Zotero\\Profiles\\milan.default\\zotero\\storage\\94E84XXN\\Loucif, Petit, Wouters - 2013 - Semiconducting behavior and bandgap energies of oxide films grown on alloy 600 under PWR simulated prima.pdf:application/pdf}
}

@article{Goossens1996,
  title = {The nature of electronic states in anodic {{Zirconium}} oxide films part 2: {{Photoelectrochemical}} characterization},
  volume = {41},
  url = {http://www.sciencedirect.com/science/article/pii/001346869598495A\%0020C:$\\backslash$Users$\\backslash$Milan\%0020Skocic$\\backslash$Documents$\\backslash$Areva_thesis$\\backslash$1-Bibliography$\\backslash$1-Classified$\\backslash$Goossens_1996_The\%0020Nature\%0020of\%0020electronic\%0020states\%0020in\%0020anodic\%0020Zr\%0020oxide\%0020films\%0020part\%00202\%0020PEC\%0020characterization.pdf},
  timestamp = {2015-10-17T21:52:48Z},
  number = {1},
  journaltitle = {Electrochimica Acta},
  author = {Goossens, A and Vazquez, M and Macdonald, D D},
  date = {1996},
  pages = {47--55},
  file = {Attachment:C\:\\Users\\mskocic\\AppData\\Roaming\\Zotero\\Zotero\\Profiles\\milan.default\\zotero\\storage\\QEB8V3BS\\Goossens, Vazquez, Macdonald - 1996 - The nature of electronic states in anodic Zirconium oxide films part 2 Photoelectrochemical charac.pdf:application/pdf;Attachment:C\:\\Users\\mskocic\\AppData\\Roaming\\Zotero\\Zotero\\Profiles\\milan.default\\zotero\\storage\\UVPZZTAD\\Goossens, Vazquez, Macdonald - 1996 - The nature of electronic states in anodic Zirconium oxide films part 2 Photoelectrochemical charac.pdf:application/pdf}
}

@book{Perez2004,
  location = {{Boston}},
  title = {Electrochemistry and {{Corrosion Science}}},
  timestamp = {2016-02-15T22:37:15Z},
  publisher = {{Kluwer Academic Publishers}},
  author = {Perez, Nestor},
  date = {2004},
  file = {Attachment:C\:\\Users\\mskocic\\AppData\\Roaming\\Zotero\\Zotero\\Profiles\\milan.default\\zotero\\storage\\6BJBZIBE\\Perez - 2004 - Electrochemistry and Corrosion Science.pdf:application/pdf;Attachment:C\:\\Users\\mskocic\\AppData\\Roaming\\Zotero\\Zotero\\Profiles\\milan.default\\zotero\\storage\\IBWU9DAR\\Perez - 2004 - Electrochemistry and Corrosion Science.pdf:application/pdf}
}

@article{Lagarias1998,
  title = {Convergence {{Properties}} of the {{Nelder{\textendash}Mead Simplex Method}} in {{Low Dimensions}}},
  volume = {9},
  issn = {1052-6234},
  doi = {10.1137/S1052623496303470},
  timestamp = {2016-02-19T08:53:07Z},
  number = {1},
  journaltitle = {SIAM Journal on Optimization},
  author = {Lagarias, Jeffrey C. and a. Reeds, James and Wright, Margaret H. and Wright, Paul E.},
  date = {1998},
  pages = {112--147},
  file = {Attachment:C\:\\Users\\mskocic\\AppData\\Roaming\\Zotero\\Zotero\\Profiles\\milan.default\\zotero\\storage\\QCWXPJD6\\Lagarias et al. - 1998 - Convergence Properties of the Nelder--Mead Simplex Method in Low Dimensions.pdf:application/pdf}
}

@book{Langtangen2012,
  location = {{Berlin Heidelberg}},
  edition = {3},
  title = {A {{Primer}} on {{Scientific Programming}} with {{Python}}},
  isbn = {978-3-642-30293-0},
  url = {http://www.springer.com/mathematics/computational+science+&+engineering/book/978-3-642-30292-3\%0020C:$\\backslash$Users$\\backslash$Milan\%0020Skocic$\\backslash$Documents$\\backslash$Areva_thesis$\\backslash$1-Bibliography$\\backslash$1-Classified$\\backslash$Langtangen_2012-A\%0020primer\%0020on\%0020scientific\%0020programming\%0020with\%0020Python\%00203rd\%0020edition.pdf},
  timestamp = {2015-10-17T21:40:11Z},
  publisher = {{Springer}},
  author = {Langtangen, H.-P.},
  date = {2012},
  file = {Attachment:C\:\\Users\\mskocic\\AppData\\Roaming\\Zotero\\Zotero\\Profiles\\milan.default\\zotero\\storage\\HDWVSX22\\Langtangen - 2012 - A Primer on Scientific Programming with Python.pdf:application/pdf}
}

@report{Edsinger2004,
  location = {{Palo Alto, CA and Kernkraftwerk Leibstadt AG, Leibstadt Switzerland}},
  title = {Enhanced {{Spacer Shadow Corrosion}} ( {{ESSC}} ) of {{BWR Fuel}} at {{Kernkraftwerk Leibstadt}} ({{KKL}})},
  timestamp = {2015-10-18T08:58:57Z},
  institution = {{EPRI}},
  author = {Edsinger, K.},
  date = {2004},
  file = {Attachment:C\:\\Users\\mskocic\\AppData\\Roaming\\Zotero\\Zotero\\Profiles\\milan.default\\zotero\\storage\\EUFX2AHS\\Unknown - 2004 - Enhanced Spacer Shadow Corrosion ( ESSC ) of BWR Fuel at Kernkraftwerk Leibstadt (KKL).pdf:application/pdf}
}

@article{Vermoyal2002,
  title = {Electrical characterization of waterside corrosion films formed on {{ZrNb}}(1\%){{O}}(0.13\%)},
  volume = {47},
  issn = {00134686},
  url = {http://www.sciencedirect.com/science/article/pii/S0013468602001330},
  doi = {10.1016/S0013-4686(02)00133-0},
  timestamp = {2015-10-18T08:50:24Z},
  number = {17},
  journaltitle = {Electrochimica Acta},
  author = {Vermoyal, J.J and Hammou, A and Dessemond, L and Frichet, A},
  date = {2002},
  pages = {2679--2695},
  file = {Attachment:C\:\\Users\\mskocic\\AppData\\Roaming\\Zotero\\Zotero\\Profiles\\milan.default\\zotero\\storage\\QIVNT6GT\\Vermoyal et al. - 2002 - Electrical characterization of waterside corrosion films formed on ZrNb(1%)O(0.13%).pdf:application/pdf}
}

@thesis{Srisrual2013,
  title = {Caract{\'e}risation photo{\'e}lectrochimique d'oxydes thermiques d{\'e}velopp{\'e}s sur m{\'e}taux et alliages mod{\`e}les},
  url = {C:$\\backslash$Users$\\backslash$Milan\%0020Skocic$\\backslash$Documents$\\backslash$Areva_thesis$\\backslash$1-Bibliography$\\backslash$1-Classified$\\backslash$Srisrual_2013_Caracterisation_PEC_alliages_modeles.pdf},
  timestamp = {2016-03-05T09:16:16Z},
  institution = {{Universit{\'e} de Grenoble}},
  type = {Th{\`e}se de doctorat},
  author = {Srisrual, A},
  date = {2013},
  file = {Srisrual - 2013 - Caractérisation photoélectrochimique d’oxydes thermiques développés sur métaux et alliages modèles.pdf:C\:\\Users\\mskocic\\AppData\\Roaming\\Zotero\\Zotero\\Profiles\\milan.default\\zotero\\storage\\IFF8V96M\\Srisrual - 2013 - Caractérisation photoélectrochimique d’oxydes thermiques développés sur métaux et alliages modèles.pdf:application/pdf}
}

@article{Eloff1991,
  title = {The role of space charge in the oxidation of {{Zircaloy}}-4 between 350 and 450{\textdegree}{{C}} in air},
  volume = {199},
  url = {http://www.sciencedirect.com/science/article/pii/002231159390149S\%0020C:$\\backslash$Users$\\backslash$Milan\%0020Skocic$\\backslash$Documents$\\backslash$Areva_thesis$\\backslash$1-Bibliography$\\backslash$1-Classified$\\backslash$Eloff_1991-The\%0020role\%0020of\%0020space\%0020charge\%0020in\%0020the\%0020oxidation\%0020of\%0020Zy4\%0020between\%0020350C\%0020and\%0020450C\%0020in\%0020air.pdf},
  timestamp = {2015-10-17T21:40:11Z},
  number = {3},
  journaltitle = {Journal of Nuclear Materials},
  author = {Eloff, G A and Greyling, C J and Viljoen, P E},
  date = {1991},
  pages = {285--288},
  file = {Attachment:C\:\\Users\\mskocic\\AppData\\Roaming\\Zotero\\Zotero\\Profiles\\milan.default\\zotero\\storage\\W66JMBMD\\Eloff, Greyling, Viljoen - 1991 - The role of space charge in the oxidation of Zircaloy-4 between 350 and 450°C in air.pdf:application/pdf}
}

@article{Takahashi2006,
  title = {Photoelectrochemical properties and band structure of oxide films on zirconium{\textendash}transition metal alloys},
  volume = {421},
  timestamp = {2015-10-18T08:48:47Z},
  number = {1-2},
  journaltitle = {Journal of Alloys and Compounds},
  author = {Takahashi, Kazuo and Uno, Masayoshi and Okui, Mihoko and Yamanaka, Shinsuke},
  date = {2006},
  pages = {303--308},
  file = {Attachment:C\:\\Users\\mskocic\\AppData\\Roaming\\Zotero\\Zotero\\Profiles\\milan.default\\zotero\\storage\\AEGGFFZD\\Takahashi et al. - 2006 - Photoelectrochemical properties and band structure of oxide films on zirconium–transition metal alloys.pdf:application/pdf}
}

@incollection{Andersson2002,
  title = {Test {{Reactor Studies}} of the {{Shadow Corrosion Phenomenon}}},
  url = {http://www.astm.org/DIGITAL_LIBRARY/STP/PAGES/STP11407S.htm\%0020C:$\\backslash$Users$\\backslash$Milan\%0020Skocic$\\backslash$Documents$\\backslash$Areva_thesis$\\backslash$1-Bibliography$\\backslash$1-Classified$\\backslash$Andersson_2002_Test\%0020reactor\%0020studies\%0020of\%0020the\%0020shadow\%0020corrosion\%0020phenomenon.PDF},
  timestamp = {2015-10-17T21:40:12Z},
  booktitle = {Zirconium in the {{Nuclear Industry}}: {{Thirtheenth International Symposium}}},
  publisher = {{ASTM International}},
  author = {Andersson, B and Limb{\"a}ck, M and Wikmark, G and Hauso, E and {T.Johnsen} and Ballinger, R G and Nystrand, A C},
  date = {2002},
  file = {Attachment:C\:\\Users\\mskocic\\AppData\\Roaming\\Zotero\\Zotero\\Profiles\\milan.default\\zotero\\storage\\7QJ5U6B6\\Andersson et al. - 2002 - Test Reactor Studies of the Shadow Corrosion Phenomenon.PDF:application/pdf}
}

@article{Sundell2012,
  title = {Enrichment of {{Fe}} and {{Ni}} at metal and oxide grain boundaries in corroded {{Zircaloy}}-2},
  volume = {65},
  issn = {0010938X},
  url = {http://www.sciencedirect.com/science/article/pii/S0010938X12004246},
  doi = {10.1016/j.corsci.2012.08.061},
  abstract = {Atom probe tomography has been used to study for the first time the metal{\textendash}oxide interface region in Zircaloy-2. Segregation of Fe and Ni to both deformation-induced sub-grain boundaries in the metal and planar features in the oxide has been found. Apparently, the oxide inherits the chemistry of the sub-grain boundaries as the material oxidizes, which may have implications for the waterside corrosion kinetics of the alloy.},
  timestamp = {2015-10-18T08:47:55Z},
  journaltitle = {Corrosion Science},
  author = {Sundell, G. and Thuvander, M. and Andr{\'e}n, H.-O.},
  date = {2012},
  pages = {10--12},
  file = {Sundell, Thuvander, Andrén - 2012 - Enrichment of Fe and Ni at metal and oxide grain boundaries in corroded Zircaloy-2.pdf:C\:\\Users\\mskocic\\AppData\\Roaming\\Zotero\\Zotero\\Profiles\\milan.default\\zotero\\storage\\SESARVBC\\Sundell, Thuvander, Andrén - 2012 - Enrichment of Fe and Ni at metal and oxide grain boundaries in corroded Zircaloy-2.pdf:application/pdf}
}

@book{Coppolani2004,
  title = {La {{Chaudi{\`e}re}} des r{\'e}acteurs {\`a} eau sous pression},
  timestamp = {2015-10-18T08:21:42Z},
  publisher = {{EDP Sciences}},
  author = {Coppolani, P},
  editor = {Coppolani, P},
  date = {2004},
  file = {Coppolani - 2004 - La Chaudière des réacteurs à eau sous pression.pdf:C\:\\Users\\mskocic\\AppData\\Roaming\\Zotero\\Zotero\\Profiles\\milan.default\\zotero\\storage\\7NARUGQ2\\Coppolani - 2004 - La Chaudière des réacteurs à eau sous pression.pdf:application/pdf}
}

@article{Cox1968,
  title = {Low temperature oxidation of {{Zircaloy}}-2 in water},
  volume = {25},
  url = {http://www.sciencedirect.com/science/article/pii/0022311568901761\%0020C:$\\backslash$Users$\\backslash$Milan\%0020Skocic$\\backslash$Documents$\\backslash$Areva_thesis$\\backslash$1-Bibliography$\\backslash$1-Classified$\\backslash$Cox_1968-Low\%0020temperature\%0020(less\%0020than\%0020300C)\%0020oxidation\%0020of\%0020Zircaloy-2\%0020in\%0020water.pdf},
  timestamp = {2015-10-17T21:40:12Z},
  number = {3},
  journaltitle = {Journal of Nuclear Materials},
  author = {Cox, B},
  date = {1968},
  pages = {310--321},
  file = {Attachment:C\:\\Users\\mskocic\\AppData\\Roaming\\Zotero\\Zotero\\Profiles\\milan.default\\zotero\\storage\\6RAUGQRI\\Cox - 1968 - Low temperature oxidation of Zircaloy-2 in water.pdf:application/pdf}
}

@book{Morrison1980,
  location = {{New York}},
  title = {Electrochemistry at {{Semiconductor}} and {{Oxidized Metal Electrodes}}},
  timestamp = {2015-10-17T21:40:13Z},
  publisher = {{Plenum Press}},
  author = {Morrison, S R},
  date = {1980}
}

@article{Oliphant2007,
  title = {Python for {{Scientific Computing}}},
  volume = {9},
  issn = {1521-9615},
  url = {http://scitation.aip.org/content/aip/journal/cise/9/3/10.1109/MCSE.2007.58},
  doi = {10.1109/MCSE.2007.58},
  shorttitle = {Computing in {{Science}} \& {{Engineering}}},
  timestamp = {2015-10-18T10:00:18Z},
  number = {3},
  journaltitle = {Computing in Science \& Engineering},
  author = {Oliphant, Travis E.},
  date = {2007},
  pages = {10--20},
  file = {Attachment:C\:\\Users\\mskocic\\AppData\\Roaming\\Zotero\\Zotero\\Profiles\\milan.default\\zotero\\storage\\WKXETAQ3\\Oliphant - 2007 - Python for Scientific Computing.pdf:application/pdf}
}

@article{Benaboud2007,
  title = {Comparative study and imaging by {{PhotoElectroChemical}} techniques of oxide films thermally grown on zirconium and {{Zircaloy}}-4},
  volume = {360},
  url = {http://dx.doi.org/10.1016/j.jnucmat.2006.10.001\%0020C:$\\backslash$Users$\\backslash$Milan\%0020Skocic$\\backslash$Documents$\\backslash$Areva_thesis$\\backslash$1-Bibliography$\\backslash$1-Classified$\\backslash$Benaboud_2007-Comparative\%0020study\%0020and\%0020imaging\%0020by\%0020PhotoElectroChemical\%0020techniques\%0020of\%0020oxide\%0020films\%0020thermally\%0020grown\%0020on\%0020zirconium\%0020and\%0020Zircaloy-4.pdf},
  timestamp = {2015-10-18T09:59:11Z},
  number = {2},
  journaltitle = {Journal of Nuclear Materials},
  author = {Benaboud, R and Bouvier, P and Petit, J.-P. and Wouters, Y and Galerie, A},
  date = {2007},
  pages = {151--158},
  file = {Attachment:C\:\\Users\\mskocic\\AppData\\Roaming\\Zotero\\Zotero\\Profiles\\milan.default\\zotero\\storage\\KHNGVZ9R\\Benaboud et al. - 2007 - Comparative study and imaging by PhotoElectroChemical techniques of oxide films thermally grown on zirconium an.pdf:application/pdf}
}

@book{Fromhold1980,
  location = {{Amsterdam}},
  title = {Theory of metal oxidation, {{Vol}}.2. {{Space}} charge},
  timestamp = {2016-02-15T21:05:43Z},
  publisher = {{North-Holland Publishing Co}},
  author = {Fromhold, A.T.},
  date = {1980}
}

@article{Becquerel1839,
  title = {M{\'e}moire sur les effets {\'e}lectriques produits sous l'influence des rayons solaires},
  volume = {9},
  timestamp = {2015-10-17T21:40:13Z},
  journaltitle = {Comptes Rendus des S{\'e}ances Hebdomadaires},
  author = {Becquerel, E.},
  date = {1839},
  pages = {561--567}
}

@book{Marucco2006,
  location = {{Paris}},
  title = {Chimie des solides},
  isbn = {978-2-86883-673-1},
  timestamp = {2016-02-15T21:06:50Z},
  publisher = {{EDP Sciences}},
  author = {Marucco, Jean-Francis},
  date = {2006},
  file = {Attachment:C\:\\Users\\mskocic\\AppData\\Roaming\\Zotero\\Zotero\\Profiles\\milan.default\\zotero\\storage\\RNAFXNBF\\Marucco - 2006 - Chimie des solides.pdf:application/pdf}
}

@incollection{Adamson2002,
  title = {Corrosion of {{Zirconium Alloys}}},
  url = {http://www.antinternational.com/fileadmin/Products_and_handbooks/Zirat/Zirat7_Str_Dimensional_Stability_Sample.pdf\%0020C:$\\backslash$Users$\\backslash$Milan\%0020Skocic$\\backslash$Documents$\\backslash$Areva_thesis$\\backslash$1-Bibliography$\\backslash$1-Classified$\\backslash$Adamson_2002_Corrosion\%0020of\%0020Zr\%0020alloys.pdf},
  timestamp = {2015-10-18T07:59:26Z},
  booktitle = {{{ZIRAT}}-7 {{SPECIAL TOPICS REPORT}}},
  publisher = {{Advanced Nuclear Technology International}},
  author = {Adamson, R and Cox, B and Garzarolli, F and Strasser, A and Rudling, P and Wikmark, G},
  date = {2002},
  file = {Attachment:C\:\\Users\\mskocic\\AppData\\Roaming\\Zotero\\Zotero\\Profiles\\milan.default\\zotero\\storage\\3TNKC8UM\\Adamson et al. - 2002 - Corrosion of Zirconium Alloys.pdf:application/pdf}
}

@article{Gabrielli2015,
  title = {M{\'e}thodes {\'e}lectrochimiques appliqu{\'e}es {\`a} la corrosion {{Techniques}} dynamiques},
  volume = {TIB499DUO},
  timestamp = {2015-10-17T21:40:13Z},
  issue = {cor811},
  journaltitle = {Techniques de l'ing{\'e}nieur Essais et expertise {\`a} la corrosion Techniques dynamiques},
  author = {Gabrielli, Claude and Takenouti, Hisasi},
  date = {2015},
  file = {Gabrielli, Takenouti - 2015 - Méthodes électrochimiques appliquées à la corrosion Techniques dynamiques.pdf:C\:\\Users\\mskocic\\AppData\\Roaming\\Zotero\\Zotero\\Profiles\\milan.default\\zotero\\storage\\RCMGA8ZK\\Gabrielli, Takenouti - 2015 - Méthodes électrochimiques appliquées à la corrosion Techniques dynamiques.pdf:application/pdf}
}

@book{Diard1996,
  location = {{Paris}},
  title = {Cin{\'e}tique {\'e}lectrochimique},
  isbn = {2 7056 6295 2},
  pagetotal = {1{\textendash}373},
  timestamp = {2015-10-17T21:40:13Z},
  publisher = {{Hermann}},
  author = {Diard, Jean-Paul and Le Gorrec, Bernard and Montella, Claude},
  date = {1996}
}

@report{King1989,
  location = {{Pinawa, Manitoba}},
  title = {A high-temperature, high-pressure, silver-silver chloride reference electrode: a user's guide},
  url = {http://www.iaea.org/inis/collection/NCLCollectionStore/_Public/22/060/22060368.pdf\%0020C:$\\backslash$Users$\\backslash$Milan\%0020Skocic$\\backslash$Documents$\\backslash$Areva_thesis$\\backslash$1-Bibliography$\\backslash$1-Classified$\\backslash$King_1989-A\%0020high-temperature,\%0020high-pressure,\%0020silver-silver\%0020chloride\%0020reference\%0020electrode.pdf},
  timestamp = {2016-06-17T12:20:42Z},
  institution = {{Energie Atomique du Canada}},
  author = {King, F and Bailey, M G and Clarke, C F and Ikeda, B M and Litke, C D and Ryan, S R},
  date = {1989},
  file = {Attachment:C\:\\Users\\mskocic\\AppData\\Roaming\\Zotero\\Zotero\\Profiles\\milan.default\\zotero\\storage\\3AFITJIT\\King et al. - 1989 - A high-temperature, high-pressure, silver-silver chloride reference electrode.pdf:application/pdf}
}

@article{Fujishima1972,
  title = {Electrochemical {{Photolysis}} of {{Water}} at a {{Semiconductor Electrode}}},
  volume = {238},
  issn = {0028-0836},
  url = {http://www.nature.com/doifinder/10.1038/238037a0},
  doi = {10.1038/238037a0},
  timestamp = {2016-02-15T21:06:35Z},
  number = {5358},
  journaltitle = {Nature},
  author = {Fujishima, Akira and Honda, Kenichi},
  date = {1972},
  pages = {37--38},
  file = {Attachment:C\:\\Users\\mskocic\\AppData\\Roaming\\Zotero\\Zotero\\Profiles\\milan.default\\zotero\\storage\\PQ7VJ67R\\Fujishima, Honda - 1972 - Electrochemical Photolysis of Water at a Semiconductor Electrode.pdf:application/pdf}
}

@book{Pradel2008,
  location = {{Paris}},
  title = {Les combustible nucl{\'e}aire},
  url = {http://nucleaire.cea.fr/fr/publications/pdf/Mono2CEA_3FR.pdf\%0020C:$\\backslash$Users$\\backslash$Milan\%0020Skocic$\\backslash$Documents$\\backslash$Areva_thesis$\\backslash$1-Bibliography$\\backslash$1-Classified$\\backslash$Pradel_2008-Les\%0020combustibles\%0020nucleaire.pdf},
  timestamp = {2015-10-17T21:40:14Z},
  publisher = {{CEA Saclay et Groupe Moniteur}},
  author = {Pradel, P},
  date = {2008},
  file = {Pradel - 2008 - Les combustible nucléaire.pdf:C\:\\Users\\mskocic\\AppData\\Roaming\\Zotero\\Zotero\\Profiles\\milan.default\\zotero\\storage\\49V4M8NZ\\Pradel - 2008 - Les combustible nucléaire.pdf:application/pdf}
}

@article{Petrik2001,
  title = {Interfacial {{Energy Transfer}} during {{Gamma Radiolysis}} of {{Water}} on the {{Surface}} of {{ZrO2}} and {{Some Other Oxides}}},
  volume = {105},
  issn = {1520-6106},
  url = {http://pubs.acs.org/doi/abs/10.1021/jp004440o},
  doi = {10.1021/jp004440o},
  timestamp = {2016-06-17T21:43:37Z},
  number = {25},
  journaltitle = {The Journal of Physical Chemistry B},
  author = {Petrik, N.G. and Alexandrov, A.B. and Vall, A.I.},
  date = {2001},
  pages = {5935--5944},
  file = {Attachment:C\:\\Users\\mskocic\\AppData\\Roaming\\Zotero\\Zotero\\Profiles\\milan.default\\zotero\\storage\\7TSKVGDB\\Petrik, Alexandrov, Vall - 2001 - Interfacial Energy Transfer during Gamma Radiolysis of Water on the Surface of ZrO2 and Some Other Oxi.pdf:application/pdf}
}

@report{Guerin2007,
  title = {Out of pile characterization of current and future {{BWR}} materials},
  timestamp = {2015-10-17T21:40:14Z},
  institution = {{Cezus Ugine}},
  author = {Guerin, P},
  date = {2007},
  file = {Attachment:C\:\\Users\\mskocic\\AppData\\Roaming\\Zotero\\Zotero\\Profiles\\milan.default\\zotero\\storage\\43KPHHC4\\Guerin - 2007 - Out of pile characterization of current and future BWR materials.pdf:application/pdf}
}

@incollection{Lysell2004,
  title = {Shadow {{Corrosion Mechanism}} of {{Zircaloy}}},
  url = {http://www.astm.org/DIGITAL_LIBRARY/STP/PAGES/STP37520S.htm},
  timestamp = {2015-10-17T21:40:14Z},
  booktitle = {Zirconium in the {{Nuclear Industry}}: {{Fourteenth International Symposium}}},
  publisher = {{ASTM International}},
  author = {Lysell, G and Nystrand, A.-C. and Ullberg, M},
  date = {2004}
}

@article{Stimming1986,
  title = {Photoelectrochemical studies of passive films},
  volume = {31},
  url = {http://www.sciencedirect.com/science/article/pii/0013468686801049\%0020C:$\\backslash$Users$\\backslash$Milan\%0020Skocic$\\backslash$Documents$\\backslash$Areva_thesis$\\backslash$1-Bibliography$\\backslash$1-Classified$\\backslash$Stimming_1986_Photoelectrochemical\%0020studies\%0020of\%0020passive\%0020films.pdf},
  timestamp = {2015-10-17T21:40:14Z},
  number = {4},
  journaltitle = {Electrochimica Acta},
  author = {Stimming, Ulrich},
  date = {1986},
  pages = {415--429},
  file = {Attachment:C\:\\Users\\mskocic\\AppData\\Roaming\\Zotero\\Zotero\\Profiles\\milan.default\\zotero\\storage\\AWPG7KI4\\Stimming - 1986 - Photoelectrochemical studies of passive films.pdf:application/pdf}
}

@article{Tromans1998,
  title = {Temperature and pressure dependent solubility of oxygen in water: a thermodynamic analysis},
  volume = {48},
  url = {http://dx.doi.org/10.1016/S0304-386X(98)00007-3\%0020C:$\\backslash$Users$\\backslash$Milan\%0020Skocic$\\backslash$Documents$\\backslash$Areva_thesis$\\backslash$1-Bibliography$\\backslash$1-Classified$\\backslash$Tromans_1998-Temperature\%0020and\%0020pressure\%0020dependent\%0020solubility\%0020of\%0020oxygen\%0020in\%0020water\%0020a\%0020thermodynamic\%0020analysis.pdf},
  timestamp = {2015-10-18T08:49:59Z},
  number = {3},
  journaltitle = {Hydrometallurgy},
  author = {Tromans, D},
  date = {1998},
  pages = {327--342},
  file = {Tromans - 1998 - Temperature and pressure dependent solubility of o.pdf:C\:\\Users\\mskocic\\AppData\\Roaming\\Zotero\\Zotero\\Profiles\\milan.default\\zotero\\storage\\W8UX33XC\\Tromans - 1998 - Temperature and pressure dependent solubility of o.pdf:application/pdf}
}

@article{Cox1968-1,
  title = {Effects of irradiation on the oxidation of zirconium alloys in high temperature aqueous environments},
  volume = {28},
  issn = {00223115},
  url = {http://www.sciencedirect.com/science/article/pii/002231156890055X},
  doi = {10.1016/0022-3115(68)90055-X},
  timestamp = {2015-10-18T08:26:15Z},
  number = {1},
  journaltitle = {Journal of Nuclear Materials},
  author = {Cox, B.},
  date = {1968},
  pages = {1--47},
  file = {Attachment:C\:\\Users\\mskocic\\AppData\\Roaming\\Zotero\\Zotero\\Profiles\\milan.default\\zotero\\storage\\JUZS4DZJ\\Cox - 1968 - Effects of irradiation on the oxidation of zirconium alloys in high temperature aqueous environments.pdf:application/pdf}
}

@article{Millman2011,
  title = {Python for {{Scientists}} and {{Engineers}}},
  volume = {13},
  issn = {1521-9615},
  url = {http://ieeexplore.ieee.org/lpdocs/epic03/wrapper.htm?arnumber=5725235},
  doi = {10.1109/MCSE.2011.36},
  timestamp = {2015-10-18T08:41:10Z},
  number = {2},
  journaltitle = {Computing in Science \& Engineering},
  author = {Millman, K. Jarrod and Aivazis, Michael},
  date = {2011},
  pages = {9--12},
  file = {Attachment:C\:\\Users\\mskocic\\AppData\\Roaming\\Zotero\\Zotero\\Profiles\\milan.default\\zotero\\storage\\BN4NCC35\\Millman, Aivazis - 2011 - Python for Scientists and Engineers.pdf:application/pdf}
}

@article{Kim2010,
  title = {Photoelectrochemical {{Investigation}} of {{Radiation-Enhanced Shadow Corrosion Phenomenon}}},
  volume = {7},
  url = {http://www.astm.org/DIGITAL_LIBRARY/JOURNALS/JAI/PAGES/JAI102952.htm\%0020C:$\\backslash$Users$\\backslash$Milan\%0020Skocic$\\backslash$Documents$\\backslash$Areva_thesis$\\backslash$1-Bibliography$\\backslash$1-Classified$\\backslash$Kim_2010_Symposium_Zr_Nuclear_Industry_Photoeletrochemical\%0020Investigation\%0020of\%0020Radiation\%0020Enhanced\%0020Shadow\%0020Corrosion\%0020P},
  timestamp = {2015-10-17T21:40:15Z},
  journaltitle = {Journal of ASTM International},
  author = {Kim, Y.-J. and Rebak, R and Lin, Y.-P. and Lutz, D and Crawford, D and Kucuk, A and Cheng, B},
  date = {2010},
  pages = {18},
  file = {Kim et al. - 2010 - Photoelectrochemical Investigation of Radiation-En.pdf:C\:\\Users\\mskocic\\AppData\\Roaming\\Zotero\\Zotero\\Profiles\\milan.default\\zotero\\storage\\HFZUM6W7\\Kim et al. - 2010 - Photoelectrochemical Investigation of Radiation-En.pdf:application/pdf}
}

@article{Franks2007,
  title = {Charging {{Behavior}} at the {{Alumina{\textendash}Water Interface}} and {{Implications}} for {{Ceramic Processing}}},
  volume = {90},
  url = {http://dx.doi.org/10.1111/j.1551-2916.2007.02013.x\%0020C:$\\backslash$Users$\\backslash$Milan\%0020Skocic$\\backslash$Documents$\\backslash$Areva_thesis$\\backslash$1-Bibliography$\\backslash$1-Classified$\\backslash$Franks_2007_Charging\%0020behavior\%0020at\%0020the\%0020Alumina-Water\%0020Interface\%0020and\%0020Implications\%0020for\%0020Ceramic\%0020Processing.pdf},
  abstract = {The interaction of water and the alumina surface is comprehensively reviewed. Water can be incorporated in the alumina crystal structure resulting in the formation of aluminum hydroxides such as gibbsite. Alumina dissolves into water to an extent that depends primarily upon the solution pH and temperature. The soluble Al (III)aq species (hydrolysis products) likewise depend upon the solution pH, temperature, aluminum, and other salt concentrations. The development of charge on the surface of alumina is controlled by amphoteric surface ionization reactions. The charging behavior of both alumina powders and single crystal faces is compared. The differences can be explained by the reactivities of different types of surface hydroxyl groups. The substantial difference in surface charging behavior of single crystal sapphire and alumina powders indicates that experiments and modeling conducted on single crystals is of limited use in predicting suspension behavior. The atomic scale structure of the hydroxylated sapphire (0001) basal plane is nearly identical to the gibbsite (001) basal plane. The observed surface structures are consistent with the charging behavior of the surfaces. The role of surface charge on the adsorption of processing additives is briefly discussed. How surface charge and processing additives at the alumina aqueous solution interface influence surface forces between particles is reviewed. The influence of these forces on suspension properties such as rheological behavior is outlined. The importance of controlling these behaviors to improve colloidal ceramic powder processing is stressed.},
  timestamp = {2015-10-17T21:40:16Z},
  journaltitle = {Journal of the American Ceramic Society},
  author = {Franks, G V and Gan, Y},
  date = {2007},
  pages = {3373--3388},
  file = {Attachment:C\:\\Users\\mskocic\\AppData\\Roaming\\Zotero\\Zotero\\Profiles\\milan.default\\zotero\\storage\\N9SS6XKT\\Franks, Gan - 2007 - Charging Behavior at the Alumina–Water Interface and Implications for Ceramic Processing.pdf:application/pdf}
}

@article{Copeland1942,
  title = {The {{Photovoltaic Effect}}.},
  volume = {31},
  issn = {0009-2665},
  url = {http://pubs.acs.org/doi/abs/10.1021/cr60098a004},
  doi = {10.1021/cr60098a004},
  timestamp = {2016-02-15T21:06:15Z},
  number = {1},
  journaltitle = {Chemical Reviews},
  author = {Copeland, A. Wallace. and Black, Otis D. and Garrett, A. B.},
  date = {1942},
  pages = {177--226},
  file = {Attachment:C\:\\Users\\mskocic\\AppData\\Roaming\\Zotero\\Zotero\\Profiles\\milan.default\\zotero\\storage\\J39G5CTR\\Copeland, Black, Garrett - 1942 - The Photovoltaic Effect.pdf:application/pdf}
}

@book{Nocedal2006,
  location = {{New York}},
  edition = {2},
  title = {Numerical {{Optimization}}},
  timestamp = {2015-10-18T10:25:11Z},
  publisher = {{Springer}},
  author = {Nocedal, Jorge and Wright, Stephen J.},
  date = {2006}
}

@book{Lide2003,
  location = {{Boca Raton, FL}},
  title = {{{CRC Handbook}} of {{Chemistry}} and {{Physics}}, 84th {{Edition}}},
  url = {http://books.google.fr/books?id=kTnxSi2B2FcC\%0020C:$\\backslash$Users$\\backslash$Milan\%0020Skocic$\\backslash$Documents$\\backslash$Areva_thesis$\\backslash$1-Bibliography$\\backslash$1-Classified$\\backslash$Handbook\%0020of\%0020Chemistry\%0020and\%0020Physics-84th\%0020Ed.pdf},
  timestamp = {2015-10-17T21:40:16Z},
  publisher = {{CRC Press}},
  author = {Lide, D R},
  editor = {Lide, D R},
  date = {2003},
  file = {Attachment:C\:\\Users\\mskocic\\AppData\\Roaming\\Zotero\\Zotero\\Profiles\\milan.default\\zotero\\storage\\FV9HAX38\\Lide - 2003 - CRC Handbook of Chemistry and Physics, 84th Edition.pdf:application/pdf}
}

@book{IAEA2011,
  location = {{Vienna}},
  title = {Optimization of {{Water Chemistry}} to {{Ensure Reliable Water Reactor Fuel Performance}} at {{High Burnup}} and in {{Ageing Plant}}},
  url = {http://www-pub.iaea.org/MTCD/Publications/PDF/TE_1666_web.pdf},
  timestamp = {2015-10-18T08:59:51Z},
  publisher = {{International Atomic Energy Agency}},
  author = {IAEA,},
  date = {2011},
  file = {Attachment:C\:\\Users\\mskocic\\AppData\\Roaming\\Zotero\\Zotero\\Profiles\\milan.default\\zotero\\storage\\IMGUV6NQ\\Unknown - 2011 - Optimization of Water Chemistry to Ensure Reliable Water Reactor Fuel Performance at High Burnup and in Ageing Plant.pdf:application/pdf}
}

@incollection{Cox1989,
  title = {Enhanced {{Low-Temperature Oxidation}} of {{Zirconium Alloys Under Irradiation}}},
  url = {http://www.astm.org/BOOKSTORE/PUBS/STP1023.htm\%0020C:$\\backslash$Users$\\backslash$Milan\%0020Skocic$\\backslash$Documents$\\backslash$Areva_thesis$\\backslash$1-Bibliography$\\backslash$1-Classified$\\backslash$Cox_1989-Enhanced\%0020Low\%0020Temperature\%0020Oxidation\%0020of\%0020Zirconium\%0020Alloys\%0020Under\%0020Irradiation.pdf},
  timestamp = {2015-10-17T21:40:17Z},
  booktitle = {Zirconium in the {{Nuclear Industry}}: {{Eighth International Symposium}}},
  publisher = {{ASTM International}},
  author = {Cox, B and Fidleris, V},
  date = {1989},
  file = {Attachment:C\:\\Users\\mskocic\\AppData\\Roaming\\Zotero\\Zotero\\Profiles\\milan.default\\zotero\\storage\\MXMQ7IMQ\\Cox, Fidleris - 1989 - Enhanced Low-Temperature Oxidation of Zirconium Alloys Under Irradiation.pdf:application/pdf}
}

@article{Nishino1997,
  title = {Formation and dissolution of oxide film on zirconium alloys in 288{\textdegree}{{C}} pure water under gamma-ray irradiation},
  volume = {248},
  issn = {00223115},
  url = {http://www.sciencedirect.com/science/article/pii/S0022311597001268\%0020http://linkinghub.elsevier.com/retrieve/pii/S0022311597001268},
  doi = {10.1016/S0022-3115(97)00126-8},
  timestamp = {2015-10-18T10:46:54Z},
  journaltitle = {Journal of Nuclear Materials},
  author = {Nishino, Yoshitaka and Endo, Masao and Ibe, Eishi and Yasuda, Takayoshi},
  date = {1997},
  pages = {292--298},
  file = {Nishino et al. - 1997 - Formation and dissolution of oxide film on zirconium alloys in 288°C pure water under γ-ray irradiation.pdf:C\:\\Users\\mskocic\\AppData\\Roaming\\Zotero\\Zotero\\Profiles\\milan.default\\zotero\\storage\\C7KZAUB3\\Nishino et al. - 1997 - Formation and dissolution of oxide film on zirconium alloys in 288°C pure water under γ-ray irradiation.pdf:application/pdf}
}

@thesis{Saffre2011,
  title = {Radiolyse de l'eau dans des conditions extr{\^e}mes de temp{\'e}rature et de {{TEL}}. {{Capture}} de {{HO}}{\textbullet} par les ions {{Br}}-.},
  timestamp = {2016-03-05T09:16:12Z},
  institution = {{Universit{\'e} Paris-Sud}},
  type = {Th{\`e}se de doctorat},
  author = {Saffr{\'e}, D},
  date = {2011},
  file = {Saffré - 2011 - Radiolyse de l’eau dans des conditions extrêmes de température et de TEL. Capture de HO• par les ions Br-.pdf:C\:\\Users\\mskocic\\AppData\\Roaming\\Zotero\\Zotero\\Profiles\\milan.default\\zotero\\storage\\82M24CA8\\Saffré - 2011 - Radiolyse de l’eau dans des conditions extrêmes de température et de TEL. Capture de HO• par les ions Br-.pdf:application/pdf}
}

@article{Garcia1999,
  title = {Diffusion model for the oxidation of {{Zircaloy}}-4 at 400{\textdegree}{{C}} in steam. {{The}} influence of metallurgical structure},
  volume = {273},
  issn = {00223115},
  url = {http://www.sciencedirect.com/science/article/pii/S0022311598006916\%0020http://linkinghub.elsevier.com/retrieve/pii/S0022311598006916},
  doi = {10.1016/S0022-3115(98)00691-6},
  timestamp = {2015-10-18T09:59:42Z},
  number = {2},
  journaltitle = {Journal of Nuclear Materials},
  author = {Garcia, E.A. and B{\'e}ranger, G.},
  date = {1999},
  pages = {221--227},
  file = {Garcia, Béranger - 1999 - Diffusion model for the oxidation of Zircaloy-4 at 400°C in steam. The influence of metallurgical structure.pdf:C\:\\Users\\mskocic\\AppData\\Roaming\\Zotero\\Zotero\\Profiles\\milan.default\\zotero\\storage\\FC6RRTXH\\Garcia, Béranger - 1999 - Diffusion model for the oxidation of Zircaloy-4 at 400°C in steam. The influence of metallurgical structure.pdf:application/pdf}
}

@book{IAEA1997,
  location = {{Vienna}},
  title = {Influence of water chemistry on fuel cladding behaviour},
  timestamp = {2015-10-18T08:57:19Z},
  publisher = {{International Atomic Energy Agency}},
  author = {IAEA,},
  date = {1997},
  file = {Attachment:C\:\\Users\\mskocic\\AppData\\Roaming\\Zotero\\Zotero\\Profiles\\milan.default\\zotero\\storage\\MDAKHWGV\\Unknown - 1997 - Influence of water chemistry on fuel cladding behaviour.pdf:application/pdf}
}

@incollection{Gerischer1985,
  location = {{Dordrecht}},
  title = {Semiconductor electrodes and their interaction with light},
  timestamp = {2015-10-17T21:40:26Z},
  booktitle = {Photoelectrochemistry, {{Photocatalysis}} and {{Photoreactor}}},
  publisher = {{D. Reidel Publishing Company}},
  author = {Gerischer, H},
  editor = {Schiavello, Mario},
  date = {1985},
  pages = {39--106}
}

@thesis{Trupin-Wasselin2000,
  title = {Processus primaires en chimie sous rayonnement {{Influence}} du {{Transfert}} d'{{Energie Lin{\'e}ique}} sur la radiolyse de l'eau},
  url = {C:$\\backslash$Users$\\backslash$Milan\%0020Skocic$\\backslash$Documents$\\backslash$Areva_thesis$\\backslash$1-Bibliography$\\backslash$1-Classified$\\backslash$Trupin_Wasselin_2000_Processus\%0020primaires\%0020en\%0020chimie\%0020sous\%0020rayonnement\%0020Influence\%0020du\%0020Transfert\%0020d'Energie\%0020Lin?ique\%0020sur\%0020la\%0020radiolyse\%0020de\%0020l'eau.pdf},
  timestamp = {2016-03-05T09:15:17Z},
  institution = {{Universit{\'e} de Paris-Sud}},
  type = {Th{\`e}se de doctorat},
  author = {Trupin-Wasselin, V},
  date = {2000},
  file = {Trupin-Wasselin - 2000 - Processus primaires en chimie sous rayonnement Influence du Transfert d'Energie Linéique sur la radiolyse de l'.pdf:C\:\\Users\\mskocic\\AppData\\Roaming\\Zotero\\Zotero\\Profiles\\milan.default\\zotero\\storage\\3PKG3SA3\\Trupin-Wasselin - 2000 - Processus primaires en chimie sous rayonnement Influence du Transfert d'Energie Linéique sur la radiolyse de l'.pdf:application/pdf}
}

@online{Jones,
  title = {{{SciPy}}: {{Open}} source scientific tools for {{Python}}},
  url = {http://www.scipy.org/},
  timestamp = {2016-02-18T06:49:54Z},
  titleaddon = {SciPy},
  author = {Jones, Eric and Oliphant, Travis and Peterson, Pearu and {Others}}
}

@book{Marcus2006,
  location = {{Boca Raton, FL}},
  title = {Analytical {{Methods}} in {{Corrosion Science}} and {{Engineering}}},
  url = {http://www.nace.org/cstm/Store/Product.aspx?id=f8e9b807-c656-42ce-83c3-e34c5a3d8a54},
  timestamp = {2015-10-17T21:40:29Z},
  publisher = {{CRC Press}},
  author = {Marcus, P. and Mansfield, F},
  date = {2006}
}

@article{Petit2013,
  title = {Photoelectrochemistry of {{Oxidation Layers}}: a {{Novel Approach}} to {{Analyze Photocurrent Energy Spectra}}},
  volume = {1},
  url = {http://dx.doi.org/10.1007/s11085-012-9352-0\%0020C:$\\backslash$Users$\\backslash$Milan\%0020Skocic$\\backslash$Documents$\\backslash$Areva_thesis$\\backslash$1-Bibliography$\\backslash$1-Classified$\\backslash$Petit_2013_Photoelectrochemistry\%0020of\%0020oxidation\%0020layers\%0020a\%0020novel\%0020approach\%0020to\%0020analyze\%0020photocurrent\%0020energy\%0020spectra.PDF},
  timestamp = {2015-10-17T21:40:30Z},
  journaltitle = {Oxidation of Metals},
  author = {Petit, J.-P. and Boichot, R and Loucif, A and Srisrual, A and Wouters, Y},
  date = {2013},
  pages = {1--11},
  file = {Attachment:C\:\\Users\\mskocic\\AppData\\Roaming\\Zotero\\Zotero\\Profiles\\milan.default\\zotero\\storage\\6DHXPJUG\\Petit et al. - 2013 - Photoelectrochemistry of Oxidation Layers a Novel Approach to Analyze Photocurrent Energy Spectra.PDF:application/pdf}
}

@article{Gerischer1966,
  title = {Electrochemical {{Behavior}} of {{Semiconductors}} under {{Illumination}}},
  volume = {113},
  url = {http://jes.ecsdl.org/content/113/11/1174.abstract\%0020C:$\\backslash$Users$\\backslash$Milan\%0020Skocic$\\backslash$Documents$\\backslash$Areva_thesis$\\backslash$1-Bibliography$\\backslash$1-Classified$\\backslash$Gerisher_1966_Electrochemical\%0020Behavior\%0020of\%0020Semiconductors\%0020under\%0020Illumination.pdf},
  timestamp = {2015-10-17T21:40:31Z},
  number = {11},
  journaltitle = {Journal of The Electrochemical Society},
  author = {Gerischer, H},
  date = {1966},
  pages = {1174--1182},
  file = {Gerischer - 1966 - Electrochemical Behavior of Semiconductors under Illumination.pdf:C\:\\Users\\mskocic\\AppData\\Roaming\\Zotero\\Zotero\\Profiles\\milan.default\\zotero\\storage\\SR6WS94K\\Gerischer - 1966 - Electrochemical Behavior of Semiconductors under Illumination.pdf:application/pdf}
}

@book{Sato1998,
  location = {{Amsterdam}},
  title = {Electrochemistry at {{Metal}} and {{Semiconductors Electrodes}}},
  timestamp = {2015-10-17T21:40:32Z},
  publisher = {{Elsevier Science}},
  author = {Sato, Norio},
  date = {1998}
}

@incollection{Garzarolli2011,
  title = {{{BWR Fuel Channel Distortion}}},
  url = {https://www.antinternational.com/fileadmin/Products_and_handbooks/Anim_PDFs/IZNA/11/str-1/files/assets/downloads/publication.pdf\%0020C:$\\backslash$Users$\\backslash$Milan\%0020Skocic$\\backslash$Documents$\\backslash$Areva_thesis$\\backslash$1-Bibliography$\\backslash$1-Classified$\\backslash$Garzarolli_2011-BWR\%0020Fuel\%0020Channel\%0020Distortion.pdf},
  timestamp = {2015-10-17T21:40:33Z},
  booktitle = {{{IZNA}}-11 {{SPECIAL TOPIC REPORT}}},
  publisher = {{Advanced Nuclear Technology International}},
  author = {Garzarolli, F and Adamson, R and Rudling, P and Strasser, A},
  date = {2011},
  file = {Attachment:C\:\\Users\\mskocic\\AppData\\Roaming\\Zotero\\Zotero\\Profiles\\milan.default\\zotero\\storage\\57QUNT98\\Garzarolli et al. - 2011 - BWR Fuel Channel Distortion.pdf:application/pdf}
}

@book{Talbot1998,
  location = {{Boca Raton, FL}},
  title = {Corrosion {{Science}} and {{Technology}}},
  isbn = {0-8493-8224-6},
  timestamp = {2015-10-17T21:40:34Z},
  publisher = {{CRC Press, Inc.}},
  author = {Talbot, David and James, Talbot},
  date = {1998},
  file = {Attachment:C\:\\Users\\mskocic\\AppData\\Roaming\\Zotero\\Zotero\\Profiles\\milan.default\\zotero\\storage\\PAW4DTG8\\Talbot, James - 1998 - Corrosion Science and Technology.pdf:application/pdf}
}

@article{Carpenter1989,
  title = {Photoelectrochemistry of {{Nickel Hydroxide Thin Films}}},
  volume = {136},
  issn = {00134651},
  url = {http://jes.ecsdl.org/cgi/doi/10.1149/1.2096777},
  doi = {10.1149/1.2096777},
  timestamp = {2015-10-17T21:40:35Z},
  number = {4},
  journaltitle = {Journal of The Electrochemical Society},
  author = {Carpenter, Michael K.},
  date = {1989},
  pages = {1022},
  file = {Attachment:C\:\\Users\\mskocic\\AppData\\Roaming\\Zotero\\Zotero\\Profiles\\milan.default\\zotero\\storage\\KCS78SR8\\Carpenter - 1989 - Photoelectrochemistry of Nickel Hydroxide Thin Films.pdf:application/pdf}
}

@article{Latu-Romain2015,
  title = {Advanced {{STEM}}/{{EDX}} investigation on an oxide scale thermally grown on a high-chromium iron-nickel alloy under very low oxygen partial pressure},
  issn = {0010938X},
  url = {http://linkinghub.elsevier.com/retrieve/pii/S0010938X15300950},
  doi = {10.1016/j.corsci.2015.09.021},
  timestamp = {2015-10-18T08:39:55Z},
  journaltitle = {Corrosion Science},
  author = {Latu-Romain, L. and Madi, Y. and Mathieu, S. and Robaut, F. and Petit, J.-P. and Wouters, Y.},
  date = {2015},
  file = {Attachment:C\:\\Users\\mskocic\\AppData\\Roaming\\Zotero\\Zotero\\Profiles\\milan.default\\zotero\\storage\\22S92QQC\\Latu-Romain et al. - 2015 - Advanced STEMEDX investigation on an oxide scale thermally grown on a high-chromium iron-nickel alloy under.pdf:application/pdf}
}

@thesis{Chatelain2000,
  title = {Enhanced {{Corrosion}} of {{Zirconium-Base Alloys}} in proximity to {{Other Metals}}: {{The Shadow Effect}}},
  url = {http://dspace.mit.edu/handle/1721.1/8871\%0020C:$\\backslash$Users$\\backslash$Milan\%0020Skocic$\\backslash$Documents$\\backslash$Areva_thesis$\\backslash$1-Bibliography$\\backslash$1-Classified$\\backslash$Chatelain_2000_Enhanced\%0020Corrosion\%0020of\%0020Zirconium-Base\%0020Alloys\%0020in\%0020Proximity\%0020to\%0020other\%0020Metals\%0020The\%0020Shadow\%0020effect.pdf},
  timestamp = {2016-03-05T09:15:57Z},
  institution = {{Massachusetts Institute of Technology}},
  type = {Th{\`e}se de doctorat},
  author = {Ch{\^a}telain, A R},
  date = {2000},
  file = {Châtelain - 2000 - Enhanced Corrosion of Zirconium-Base Alloys in proximity to Other Metals The Shadow Effect.pdf:C\:\\Users\\mskocic\\AppData\\Roaming\\Zotero\\Zotero\\Profiles\\milan.default\\zotero\\storage\\AR6R3XQZ\\Châtelain - 2000 - Enhanced Corrosion of Zirconium-Base Alloys in proximity to Other Metals The Shadow Effect.pdf:application/pdf}
}

@book{Cox2011,
  title = {Zirconium {{Alloy Corrosion}}},
  url = {http://eu.wiley.com/WileyCDA/WileyTitle/productCd-0470080329.html},
  pagetotal = {893},
  timestamp = {2015-10-17T21:40:38Z},
  publisher = {{John Wiley and Sons}},
  author = {Cox, B},
  date = {2011}
}

@article{Shikama1994,
  title = {A comparison of the effects of neutron and other irradiation sources on the dynamic property changes of ceramic insulators},
  volume = {212-215},
  url = {http://dx.doi.org/10.1016/0022-3115(94)90036-1\%0020C:$\\backslash$Users$\\backslash$Milan\%0020Skocic$\\backslash$Documents$\\backslash$Areva_thesis$\\backslash$1-Bibliography$\\backslash$1-Classified$\\backslash$Shikama_19994-A\%0020comparison\%0020of\%0020the\%0020effects\%0020of\%0020neutron\%0020and\%0020other\%0020irraduation\%0020sources\%0020on\%0020the\%0020dynamic\%0020properties\%0020changes\%0020of\%0020ceramic\%0020insulators.pdf},
  abstract = {The interaction of various types of radiations with matter is briefly reviewed with particular emphasis on those effect peculiar to polyatomic ceramic insulator. A comparison is made between neutron and other energetic particles on the swelling behavior of alumina (Al2O3), which is the strongest candidate ceramic for fusion reactor applications. Special attention focussed on the dynamic effects of irradiation, such radiation induced conductivity, radiation enhanced electrical degradation and dielectric loss.},
  timestamp = {2015-10-18T08:46:49Z},
  journaltitle = {Journal of Nuclear Materials},
  author = {Shikama, T and Pells, G P},
  date = {1994},
  pages = {80--89},
  file = {Attachment:C\:\\Users\\mskocic\\AppData\\Roaming\\Zotero\\Zotero\\Profiles\\milan.default\\zotero\\storage\\I78B5PXQ\\Shikama, Pells - 1994 - A comparison of the effects of neutron and other irradiation sources on the dynamic property changes of ceramic.pdf:application/pdf}
}

@article{Gartner1959,
  title = {Depletion-{{Layer Photoeffects}} in {{Semiconductors}}},
  volume = {116},
  url = {http://link.aps.org/doi/10.1103/PhysRev.116.84\%0020C:$\\backslash$Users$\\backslash$Milan\%0020Skocic$\\backslash$Documents$\\backslash$Areva_thesis$\\backslash$1-Bibliography$\\backslash$1-Classified$\\backslash$Gartner_1959_Depletion\%0020Layer\%0020photoeffects\%0020in\%0020semiconductors.pdf},
  timestamp = {2015-10-17T21:40:40Z},
  number = {1},
  journaltitle = {Physical Review},
  author = {G{\"a}rtner, Wolfgang W},
  date = {1959},
  pages = {84--87},
  file = {Gärtner - 1959 - Depletion-Layer Photoeffects in Semiconductors.pdf:C\:\\Users\\mskocic\\AppData\\Roaming\\Zotero\\Zotero\\Profiles\\milan.default\\zotero\\storage\\V96E9JPW\\Gärtner - 1959 - Depletion-Layer Photoeffects in Semiconductors.pdf:application/pdf}
}

@article{VanderWalt2011,
  title = {The {{NumPy Array}}: {{A Structure}} for {{Efficient Numerical Computation}}},
  volume = {13},
  issn = {1521-9615},
  url = {http://ieeexplore.ieee.org/lpdocs/epic03/wrapper.htm?arnumber=5725236},
  doi = {10.1109/MCSE.2011.37},
  shorttitle = {Computing in {{Science}} \& {{Engineering}}},
  timestamp = {2016-06-12T12:47:09Z},
  number = {2},
  journaltitle = {Computing in Science \& Engineering},
  author = {Van der Walt, St{\'e}fan and Colbert, S Chris and Varoquaux, Ga{\"e}l},
  date = {2011},
  pages = {22--30},
  file = {Attachment:C\:\\Users\\mskocic\\AppData\\Roaming\\Zotero\\Zotero\\Profiles\\milan.default\\zotero\\storage\\VM5GTH5A\\van der Walt, Colbert, Varoquaux - 2011 - The NumPy Array A Structure for Efficient Numerical Computation.pdf:application/pdf}
}

@book{Bevington2003,
  location = {{New York}},
  edition = {3},
  title = {Data {{Reduction}} and {{Error Analysis}} for {{Physical Sciences}}},
  isbn = {0-07-247227-8},
  abstract = {Data Reduction and error Analysis},
  timestamp = {2015-10-17T21:40:42Z},
  publisher = {{McGraw Hill}},
  author = {Bevington, Philip R. and Robinson, D. Keith},
  date = {2003},
  file = {Attachment:C\:\\Users\\mskocic\\AppData\\Roaming\\Zotero\\Zotero\\Profiles\\milan.default\\zotero\\storage\\QTRGZGQP\\Bevington, Robinson - 2003 - Data Reduction and Error Analysis for Physical Sciences.pdf:application/pdf}
}

@thesis{Buttin2011,
  title = {Mod{\'e}lisation de la corrosion des alliages de zirconium par l'eau : application aux {\'e}l{\'e}ments de combustible nucl{\'e}aire},
  url = {http://tel.archives-ouvertes.fr/docs/00/64/72/92/PDF/23452_BUTTIN_2011_archivage_1_.pdf\%0020C:$\\backslash$Users$\\backslash$Milan\%0020Skocic$\\backslash$Documents$\\backslash$Areva_thesis$\\backslash$1-Bibliography$\\backslash$1-Classified$\\backslash$Buttin_2011_modelisation_corrosion_alliage_de_zirconium.pdf},
  timestamp = {2016-03-05T09:15:53Z},
  institution = {{Universit{\'e} de Grenoble}},
  type = {Th{\`e}se de doctorat},
  author = {Buttin, P},
  date = {2011},
  file = {Buttin - 2011 - Modélisation de la corrosion des alliages de zirconium par l’eau application aux éléments de combustible nucléaire.pdf:C\:\\Users\\mskocic\\AppData\\Roaming\\Zotero\\Zotero\\Profiles\\milan.default\\zotero\\storage\\6Z5IZKJN\\Buttin - 2011 - Modélisation de la corrosion des alliages de zirconium par l’eau application aux éléments de combustible nucléaire.pdf:application/pdf}
}

@report{Nystrand1999,
  title = {Shadow corrosion testing in the {{INCA}} facility in the {{Studsvik R2}} reactor},
  url = {http://inis.iaea.org/search/search.aspx?orig_q=RN:30060396\%0020C:$\\backslash$Users$\\backslash$Milan\%0020Skocic$\\backslash$Documents$\\backslash$Areva_thesis$\\backslash$1-Bibliography$\\backslash$1-Classified$\\backslash$Nystrand_1999_Shadow\%0020corrosion\%0020testing\%0020in\%0020the\%0020INCA\%0020facility\%0020in\%0020the\%0020studsvik\%0020R2\%0020reactor.PDF},
  timestamp = {2015-10-17T21:40:44Z},
  number = {IAEA-TECDOC{\textendash}1128},
  institution = {{IAEA}},
  author = {Nystrand, A C and Lassing, A},
  date = {1999},
  file = {Attachment:C\:\\Users\\mskocic\\AppData\\Roaming\\Zotero\\Zotero\\Profiles\\milan.default\\zotero\\storage\\DIDGD3GH\\Nystrand, Lassing - 1999 - Shadow corrosion testing in the INCA facility in the Studsvik R2 reactor.PDF:application/pdf}
}

@thesis{Guillotte2014,
  title = {Films passifs form{\'e}s par voie industrielle sur aciers inoxydables : relations entre propri{\'e}t{\'e}s physico-chimiques et {\'e}lectroniques et r{\'e}sistance {\`a} la corrosion localis{\'e}e},
  timestamp = {2016-03-05T09:16:03Z},
  institution = {{Universit{\'e} de Grenoble}},
  type = {Th{\`e}se de doctorat},
  author = {Guillotte, Isma{\"e}l},
  date = {2014},
  file = {Guillotte - 2012 - Films passifs formés par voie industrielle sur aciers inoxydables relations entre propriétés physico-chimiques et él.pdf:C\:\\Users\\mskocic\\AppData\\Roaming\\Zotero\\Zotero\\Profiles\\milan.default\\zotero\\storage\\58QJMJRM\\Guillotte - 2012 - Films passifs formés par voie industrielle sur aciers inoxydables relations entre propriétés physico-chimiques et él.pdf:application/pdf}
}

@article{Kosmulski2009,
  title = {Compilation of {{PZC}} and {{IEP}} of sparingly soluble metal oxides and hydroxides from literature.},
  volume = {152},
  issn = {1873-3727},
  url = {http://www.sciencedirect.com/science/article/pii/S0001868609000827},
  doi = {10.1016/j.cis.2009.08.003},
  timestamp = {2016-02-14T15:22:37Z},
  number = {1-2},
  journaltitle = {Advances in colloid and interface science},
  author = {Kosmulski, Marek},
  date = {2009},
  pages = {14--25},
  file = {Attachment:C\:\\Users\\mskocic\\AppData\\Roaming\\Zotero\\Zotero\\Profiles\\milan.default\\zotero\\storage\\RJMSG378\\Kosmulski - 2009 - Compilation of PZC and IEP of sparingly soluble metal oxides and hydroxides from literature.pdf:application/pdf}
}

@book{Roberge1999,
  location = {{Hightstown, N.J}},
  title = {Handbook of {{Corrosion Engineering}}},
  timestamp = {2016-02-15T22:36:54Z},
  publisher = {{McGraw Hill}},
  author = {Roberge, P;},
  date = {1999},
  file = {Attachment:C\:\\Users\\mskocic\\AppData\\Roaming\\Zotero\\Zotero\\Profiles\\milan.default\\zotero\\storage\\BPNPNMR3\\Roberge - 1999 - Handbook of Corrosion Engineering.pdf:application/pdf}
}

@online{USNRC2013,
  title = {Power {{Reactors}}},
  url = {http://www.nrc.gov},
  timestamp = {2016-02-15T21:10:56Z},
  author = {{USNRC}},
  date = {2013}
}

@article{Shirvington1970-1,
  title = {A study of charge transport processes during the oxidation of zirconium alloys},
  volume = {35},
  url = {http://www.sciencedirect.com/science/article/pii/0022311570901017\%0020C:$\\backslash$Users$\\backslash$Milan\%0020Skocic$\\backslash$Documents$\\backslash$Areva_thesis$\\backslash$1-Bibliography$\\backslash$1-Classified$\\backslash$Shirvington_1969-A\%0020sudy\%0020of\%0020charge\%0020transport\%0020processes\%0020during\%0020the\%0020oxidation\%0020of\%0020zirconium\%0020alloys.pdf},
  timestamp = {2015-10-17T21:49:21Z},
  number = {2},
  journaltitle = {Journal of Nuclear Materials},
  author = {Shirvington, P J and Cox, B},
  date = {1970},
  pages = {211--222},
  file = {Attachment:C\:\\Users\\mskocic\\AppData\\Roaming\\Zotero\\Zotero\\Profiles\\milan.default\\zotero\\storage\\9WCHT4WG\\Shirvington, Cox - 1970 - A study of charge transport processes during the oxidation of zirconium alloys.pdf:application/pdf}
}

@article{Srisrual2009,
  title = {Identification by photoelectrochemistry of oxide phases grown during the initial stages of thermal oxidation of {{AISI}} 441 ferritic stainless steel in air or in water vapour},
  volume = {51},
  url = {http://www.sciencedirect.com/science/article/pii/S0010938X08005258\%0020C:$\\backslash$Users$\\backslash$Milan\%0020Skocic$\\backslash$Documents$\\backslash$Areva_thesis$\\backslash$1-Bibliography$\\backslash$1-Classified$\\backslash$Srisrual_2009_Identification\%0020by\%0020PEC\%0020of\%0020oxide\%0020phases\%0020grown\%0020AISI\%0020441\%0020alpha\%0020SS.pdf},
  timestamp = {2015-10-17T21:49:27Z},
  number = {3},
  journaltitle = {Corrosion Science},
  author = {Srisrual, A and Coindeau, S and Galerie, A and Petit, J.-P. and Wouters, Y},
  date = {2009},
  pages = {562--568},
  file = {Attachment:C\:\\Users\\mskocic\\AppData\\Roaming\\Zotero\\Zotero\\Profiles\\milan.default\\zotero\\storage\\DMB5NVBK\\Srisrual et al. - 2009 - Identification by photoelectrochemistry of oxide phases grown during the initial stages of thermal oxidation of.pdf:application/pdf}
}

@article{DiQuarto2000,
  title = {A semiempirical correlation between the optical band gap of hydroxides and the electronegativity of their constituents},
  volume = {36},
  issn = {1023-1935},
  url = {http://www.springerlink.com/index/10.1007/BF02757695\%0020http://link.springer.com/10.1007/BF02757695},
  doi = {10.1007/BF02757695},
  timestamp = {2015-10-17T21:49:55Z},
  number = {11},
  journaltitle = {Russian Journal of Electrochemistry},
  author = {Di Quarto, F. and Romano, M. C. and Santamaria, M. and Piazza, S. and Sunseri, C.},
  date = {2000-11},
  pages = {1203--1208},
  file = {Di Quarto et al. - 1997 - Semiempirical Correlation between Optical Band Gap Values of Oxides and the Difference of Electronegativity of.pdf:C\:\\Users\\mskocic\\AppData\\Roaming\\Zotero\\Zotero\\Profiles\\milan.default\\zotero\\storage\\99JSVM2P\\Di Quarto et al. - 1997 - Semiempirical Correlation between Optical Band Gap Values of Oxides and the Difference of Electronegativity of.pdf:application/pdf}
}

@article{VandenBerghe1973,
  title = {On the electrochemical reactivity of the redox couple {{Fe}}({{CN}}) at the single crystal zinc oxide electrode},
  volume = {39},
  timestamp = {2015-12-07T07:45:15Z},
  journaltitle = {Surface Science},
  author = {Vanden Berghe, R.A.L. and Cardon, F. and Gomes, W.P.},
  date = {1973},
  pages = {368--384},
  file = {VandenBerghe-1973-On the electrochemical reactivity of the redox couple FeCN at the single crystal oxide electrode.pdf:C\:\\Users\\mskocic\\AppData\\Roaming\\Zotero\\Zotero\\Profiles\\milan.default\\zotero\\storage\\3QHKKDDX\\VandenBerghe-1973-On the electrochemical reactivity of the redox couple FeCN at the single crystal oxide electrode.pdf:application/pdf}
}

@book{Kelly2003,
  title = {Electrochemical {{Techniques}} in {{Corrosion Science}} and {{Engineering}}},
  timestamp = {2015-10-18T10:22:45Z},
  author = {Kelly, Robert G. and Scully, John R. and Shoesmith, David W. and Buchheit, Rudolph G.},
  date = {2003},
  file = {Kelly et al. - 2003 - Electrochemical Techniques in Corrosion Science and Engineering.pdf:C\:\\Users\\mskocic\\AppData\\Roaming\\Zotero\\Zotero\\Profiles\\milan.default\\zotero\\storage\\VJ8R3RSJ\\Kelly et al. - 2003 - Electrochemical Techniques in Corrosion Science and Engineering.pdf:application/pdf}
}

@article{Butler1978,
  title = {Prediction of {{Flatband Potentials}} at {{Semiconductor-Electrolyte Interfaces}} from {{Atomic Electronegativities}}},
  volume = {125},
  timestamp = {2015-10-19T07:14:24Z},
  number = {2},
  journaltitle = {Journal of Electrochemical Society},
  author = {Butler, M.A. and Ginley, D.S.},
  date = {1978},
  pages = {228--231},
  file = {Butler, Ginley - 1978 - Prediction of Flatband Potentials at Semiconductor-Electrolyte Interfaces from Atomic Electronegativities.pdf:C\:\\Users\\mskocic\\AppData\\Roaming\\Zotero\\Zotero\\Profiles\\milan.default\\zotero\\storage\\T54I4ZVE\\Butler, Ginley - 1978 - Prediction of Flatband Potentials at Semiconductor-Electrolyte Interfaces from Atomic Electronegativities.pdf:application/pdf}
}

@inproceedings{Kim2014,
  location = {{Sendai, Japan}},
  title = {Electrochemical {{Corrosion}} of {{Zircaloys Under Irradiation}} and {{Different Water Chemistry Conditions}}},
  timestamp = {2015-10-19T16:30:54Z},
  booktitle = {Proceedings of {{WRFPM}}},
  author = {Kim, Y.-J. and Kucuk, A. and Mader, E. and Cheng, B. and Katsoudas, J. and Olive, D. and Terry, J.},
  date = {2014},
  file = {Kim et al. - 2014 - Electrochemical Corrosion of Zircaloys Under Irradiation and Different Water Chemistry Conditions.pdf:C\:\\Users\\mskocic\\AppData\\Roaming\\Zotero\\Zotero\\Profiles\\milan.default\\zotero\\storage\\H4IBZ3IS\\Kim et al. - 2014 - Electrochemical Corrosion of Zircaloys Under Irradiation and Different Water Chemistry Conditions.pdf:application/pdf}
}

@article{Wang2007,
  title = {Optical {{Bandgap}} and {{Photoconductance}} of {{Electrospun Tin Oxide Nanofibers}}},
  volume = {102},
  timestamp = {2015-10-20T06:58:28Z},
  journaltitle = {Journal of Applied Physics},
  author = {Wang, Y. and Ramos, Idalia and Santiago-Aviles, J.J.},
  date = {2007},
  pages = {093517},
  file = {Wang et al - 2007 - Optical Bandgap and Photoconductance of Electrospun Tin Oxide Nanofibers.pdf:C\:\\Users\\mskocic\\AppData\\Roaming\\Zotero\\Zotero\\Profiles\\milan.default\\zotero\\storage\\6T6W64GI\\Wang et al - 2007 - Optical Bandgap and Photoconductance of Electrospun Tin Oxide Nanofibers.pdf:application/pdf}
}

@article{Wouters2004,
  title = {Oxygen and water vapour oxidation of {{15Cr}} ferritic stainless steels with different silicon contents},
  volume = {461},
  timestamp = {2015-10-21T15:35:38Z},
  journaltitle = {Materials Science Forum},
  author = {Wouters, Y and Bamba, G. and Galerie, A and Mermoux, M. and Petit, J.-P.},
  date = {2004},
  pages = {839--846}
}

@article{Wouters2008,
  title = {Photoelectrochemical characterisation of chromia scales thermally grown on various metal substrates},
  volume = {595-598},
  timestamp = {2015-10-21T16:18:03Z},
  journaltitle = {Materials Science Forum},
  author = {Wouters, Y. and Galerie, A. and Petit, J.-P.},
  date = {2008},
  pages = {1181--1188}
}

@article{Marchetti2010,
  title = {Photoelectrochemical study of nickel base alloys oxide films formed at high temperature and high pressure water},
  volume = {55},
  timestamp = {2015-10-21T16:21:02Z},
  number = {19},
  journaltitle = {Electrochimica Acta},
  author = {Marchetti, L. and Perrin, S. and Wouters, Y. and Martin, F. and Pijolat, M.},
  date = {2010},
  pages = {5384--5392},
  file = {Marchetti-2010-Photoelectrochemical study of nickel base alloys oxide films.pdf:C\:\\Users\\mskocic\\AppData\\Roaming\\Zotero\\Zotero\\Profiles\\milan.default\\zotero\\storage\\K6DQETSX\\Marchetti-2010-Photoelectrochemical study of nickel base alloys oxide films.pdf:application/pdf}
}

@article{Galerie2011,
  title = {Water vapour effects on the oxidation of chromia forming alloys},
  volume = {696},
  timestamp = {2015-10-21T16:34:25Z},
  journaltitle = {Materials Science Forum},
  author = {Galerie, A. and Petit, J.-P. and Wouters, Y. and Mougin, J. and Srisrual, A and Hou, P.Y.},
  date = {2011},
  pages = {200--205}
}

@article{Henry2000,
  title = {Characterization of chromia scales grown on pure chromium in different oxidising atmospheres},
  timestamp = {2015-10-21T16:36:36Z},
  journaltitle = {Microscopy Oxidation},
  author = {Henry, J. and Mougin, J. and Wouters, Y. and Petit, J.-P. and Galerie, A.},
  date = {2000},
  pages = {231--234}
}

@article{Gerischer1989,
  title = {Models for the discussion of the photo-electrochemical response of oxide layers on metals},
  volume = {29},
  timestamp = {2015-12-21T09:03:08Z},
  number = {2/3},
  journaltitle = {Corrosion Science},
  author = {Gerischer, H},
  date = {1989},
  pages = {257--266},
  file = {Gerischer-1989-Models for the discussion of the photo-electrochemical response of oxide layers on metals.pdf:C\:\\Users\\mskocic\\AppData\\Roaming\\Zotero\\Zotero\\Profiles\\milan.default\\zotero\\storage\\RS4HC92F\\Gerischer-1989-Models for the discussion of the photo-electrochemical response of oxide layers on metals.pdf:application/pdf}
}

@article{Liu1999,
  title = {Effect of {{Cold Rolling}} on the {{Precipitation Behavior}} of delta phase in {{INCONEL}} 718},
  volume = {30A},
  timestamp = {2015-12-02T09:37:46Z},
  journaltitle = {Metallurgical and Materials Transformation},
  author = {Liu, W.C. and Chen, Z.L. and Yao, M.},
  date = {1999},
  pages = {31--40},
  file = {Chen-1999-Effect of cold rolling on the precipitation behavior of delta phase in INCONEL 718.pdf:C\:\\Users\\mskocic\\AppData\\Roaming\\Zotero\\Zotero\\Profiles\\milan.default\\zotero\\storage\\GV8EJVD3\\Chen-1999-Effect of cold rolling on the precipitation behavior of delta phase in INCONEL 718.pdf:application/pdf}
}

@article{Bertagna1996,
  title = {p- and n-{{Type Silicon Electrochemical Properties}} in {{Dilute Hydrofluoric Acid Solutions}}},
  volume = {143},
  timestamp = {2015-12-14T11:38:13Z},
  number = {11},
  journaltitle = {Journal of Electrochemical Society},
  author = {Bertagna, V. and Plougonven, C. and Rouelle, F. and Chemla, M.},
  date = {1996},
  pages = {3532--3538},
  file = {Bertagna-1996-p nad n type Silicon Electrochemical Properties in Dilute Hydrofluoric Acid Solutions.pdf:C\:\\Users\\mskocic\\AppData\\Roaming\\Zotero\\Zotero\\Profiles\\milan.default\\zotero\\storage\\CXSIFGMQ\\Bertagna-1996-p nad n type Silicon Electrochemical Properties in Dilute Hydrofluoric Acid Solutions.pdf:application/pdf}
}

@article{Gomes1973,
  title = {On the {{Electrochemical Behaviour}} of the {{Hexacyanoferrate RedOx System}} at {{Different Semiconductor Electrodes}}},
  volume = {86},
  timestamp = {2015-12-15T11:12:00Z},
  journaltitle = {Zeitschrift f{\"u}r Physikalische Chemie Neue Folge},
  author = {Gomes, W.P. and Cardon, F.},
  date = {1973},
  pages = {330--334},
  file = {Gomes-1973-On the Electrochemical Behaviour of the Hexacyanoferrate RedOx System at Different Semiconductor Electrodes.pdf:C\:\\Users\\mskocic\\AppData\\Roaming\\Zotero\\Zotero\\Profiles\\milan.default\\zotero\\storage\\2KQ9KMMI\\Gomes-1973-On the Electrochemical Behaviour of the Hexacyanoferrate RedOx System at Different Semiconductor Electrodes.pdf:application/pdf}
}

@inproceedings{Petit2010,
  location = {{Porquerolles}},
  title = {Semiconductor ({{Photo}}-){{ElectroChemistry}} as a characterization tool in corrosion studies},
  eventtitle = {{\'E}cole Th{\'e}matique Corrosion et Protection des Mat{\'e}riaux {\`a} Haute Temp{\'e}rature},
  timestamp = {2016-02-14T15:24:57Z},
  booktitle = {{\'E}cole {{Th{\'e}matique Corrosion}} et {{Protection}} des {{Mat{\'e}riaux}} {\`a} {{Haute Temp{\'e}rature}}},
  author = {Petit, J.-P.},
  date = {2010}
}


